2018 3401
74 852 117 881 31
133 852 169 881 d.

74 1134 210 1165 Exodus

73 1186 184 1210 xxvm.
203 1186 216 1207 Ι
223 1202 230 1208 .

75 1425 89 1446 1
109 1416 197 1448 Sam.
214 1428 245 1448 x.

76 1469 88 1489 1
105 1471 112 1498 ;
137 1460 199 1491 xvi.
217 1469 266 1500 13.

71 1505 230 1535 F01.144
241 1506 276 1534 b.

75 1556 91 1577 2
110 1547 219 1588 Kings
235 1547 276 1578 ix.

71 1589 103 1629 6,
122 1599 171 1622 11.

71 1774 202 1805 Decret.

71 1817 142 1848 Dis.
161 1824 236 1846 xm.

71 1871 99 1891 c.
116 1869 128 1890 1
137 1885 144 1891 .

718 308 783 339 DE
816 309 1008 341 OFFICIO
1042 310 1196 342 REGIS.
1821 312 1900 354 145

297 418 333 448 et
353 411 484 449 Dario.
543 413 604 451 Sic
624 415 746 452 eciam
771 423 857 464 post
884 416 1195 454 incarnacionem
1226 422 1491 454 successerunt
1514 416 1620 453 multi
1634 426 1693 486 {3113
1704 427 1895 492 ffiggsosgtrrz

296 482 554 532 Imperatores
575 485 622 523 de
642 493 778 534 quarta
797 487 1021 524 monarchia
1047 488 1127 525 sine
1141 486 1152 506 ¹
1173 487 1248 524 hoc
1269 488 1375 536 quod
1395 494 1620 536 receperunt
1635 494 1715 519 make
1728 495 1802 526 good
1815 495 1892 522 laws-

295 561 524 603 potestatem
563 568 585 593 a
630 557 889 595 sacerdotibus
936 559 975 594 in
1023 565 1266 596 sacramento
1314 558 1492 605 sensibili,
1532 571 1620 599 cum
1635 538 1903 598 {issssaiisssgi’oen‘

296 625 445 664 Cristus
476 628 640 677 apostoli
661 634 698 665 et
718 628 779 665 alii
805 629 926 666 sancti
956 636 1043 666 ante
1075 629 1319 667 dotacionem
1350 629 1509 667 ecclesie
1539 642 1620 667 non
1635 606 1895 700 Ξέξῖἒέὶιῖἶὲῐῗιξιῗ

1770 683 1783 699 Υ
1821 693 1827 700 .

261 706 278 738 5
296 705 613 747 presumpserunt
632 706 873 737 sacramenta
893 700 1113 738 huiusmodi
1144 700 1324 738 suscitare
1338 713 1348 748 ;
1379 707 1417 738 et
1436 701 1620 739 continue

294 775 502 818 postquam
522 770 615 808 ritus
635 771 705 808 iste
725 771 965 809 introductus
986 777 1043 808 est
1062 772 1111 809 ad
1131 772 1440 822 extorquendum
1466 773 1620 810 maiori-

293 845 413 876 tatem
450 853 550 890 pape
589 847 627 878 et
664 842 932 879 obedienciam
971 843 1111 880 cesaris
1152 842 1318 880 decrevit
1358 855 1566 881 romanum
1598 842 1617 863 *

293 911 508 960 imperium,
529 919 566 949 et
587 912 617 950 si
637 925 717 950 non
739 913 848 950 fallor
868 913 1030 951 decrevit
1057 914 1323 952 sacerdocium
1351 914 1558 952 occiduum
1579 914 1618 951 in

294 982 438 1019 virtute.
497 982 535 1019 Si
556 990 683 1020 autem
709 984 912 1034 loquamur
932 985 979 1022 de
1001 984 1261 1022 sacerdotibus
1286 985 1483 1023 Aaronitis
1513 991 1619 1034 patet

240 1072 280 1095 10
293 1053 398 1102 quod
431 1053 526 1091 deus
557 1055 774 1092 immediate
805 1054 971 1104 Moysen
1010 1056 1169 1093 instituit
1202 1056 1454 1102 sacerdotem,
1485 1062 1523 1094 et
1551 1069 1619 1106 per

293 1135 381 1160 eum
409 1125 643 1162 consecravit
666 1125 798 1163 Aaron
828 1125 979 1163 fratrem
1007 1138 1131 1172 suum,
1161 1133 1203 1164 ut
1228 1134 1331 1176 patet
1360 1127 1489 1165 Exodi
1523 1135 1592 1175 270
1607 1140 1616 1174 ;
1633 1134 1877 1162 ThatGodinsti-

1633 1169 1713 1194 tuted
1727 1169 1774 1194 the
1787 1169 1894 1202 Jewish

295 1194 360 1232 sed
380 1195 495 1244 longe
516 1203 604 1233 ante
624 1197 785 1234 instituit
805 1197 1020 1246 imperium,
1041 1197 1126 1234 licet
1146 1198 1348 1247 imperium
1369 1199 1426 1235 vel
1454 1209 1617 1248 regnum
1633 1202 1832 1268 ἓξὲξῗῑξγὲίὴε

293 1265 331 1302 in
353 1266 474 1303 iudeis
495 1275 740 1313 successerat,
767 1280 839 1305 nec
866 1269 976 1305 obest
996 1268 1102 1317 quod
1123 1268 1217 1305 deus
1241 1269 1401 1306 instituit
1420 1282 1530 1318 reges
1551 1282 1618 1319 per
1632 1269 1847 1335 gffiioegffegngoes

291 1336 545 1374 ministerium
565 1338 808 1376 sacerdotum
825 1338 881 1376 vel
903 1339 1190 1388 prophetarum,
1208 1345 1250 1376 ut
1270 1346 1373 1389 patet
1394 1340 1442 1377 de
1461 1340 1616 1378 Samuel
1631 1337 1842 1403 gffg‘uarffggssfus

291 1419 369 1456 quo
403 1407 452 1444 ad
486 1407 576 1445 Saul
606 1415 643 1445 et
673 1408 797 1446 David
831 1422 846 1446 1
881 1409 977 1459 Reg.
1011 1422 1036 1446 x
1066 1416 1104 1447 et
1131 1410 1223 1447 xvi0.
1255 1411 1430 1460 capitulis
1444 1412 1470 1458 2,
1501 1418 1538 1448 et
1570 1411 1617 1449 de

291 1479 479 1516 unccione
508 1478 594 1516 Yeu
632 1492 702 1529 per
730 1480 998 1529 prophetatum
1028 1488 1208 1518 vocaturn
1247 1481 1429 1519 insanum
1461 1481 1479 1500 *
1512 1489 1618 1531 patet

290 1548 336 1586 ivi
367 1549 464 1598 Reg.
493 1550 541 1587 ix.
601 1550 795 1600 Scriptura
823 1558 955 1589 tamen
985 1565 1065 1590 non
1096 1553 1185 1590 dicit
1216 1552 1322 1601 quod
1346 1552 1531 1602 prophete
1558 1553 1617 1591 vel

291 1621 509 1658 sacerdotes
540 1621 725 1659 dederant
758 1623 813 1660 eis
850 1635 1026 1671 regnum,
1060 1624 1129 1660 sed
1166 1630 1250 1661 esto
1289 1623 1395 1673 quod
1434 1636 1616 1673 expresse

291 1690 458 1728 diceret⁸
483 1691 701 1728 sacerdotes
731 1692 821 1729 dare
851 1693 1004 1741 regibus
1033 1705 1152 1741 regna
1181 1690 1260 1739 sua,
1283 1693 1403 1730 modo
1432 1693 1615 1742 loquendi

290 1774 369 1811 quo
389 1762 585 1798 decretum
605 1762 706 1799 beati
728 1763 890 1809 Isodori,
904 1764 1071 1812 positum
1088 1776 1147 1801 21.
1168 1764 1216 1801 di.
1237 1763 1376 1810 Claros,
1397 1764 1487 1801 dicit
1508 1764 1616 1814 quod

290 1833 462 1882 episcopi
501 1833 593 1870 dant
635 1834 810 1882 spiritum
857 1835 1095 1883 paraclitum,
1129 1835 1266 1884 supple
1313 1834 1458 1872 faciunt
1505 1836 1615 1884 signa

290 1904 577 1941 sacramentalia
597 1905 635 1940 in
656 1905 956 1943 confirmacione
977 1918 1064 1943 cum
1085 1906 1225 1955 quibus
1246 1905 1340 1943 deus
1360 1906 1423 1943 dat
1443 1906 1617 1955 spiritum

290 1981 480 2021 sanctum,
519 1975 569 2012 ad
607 1975 681 2013 hoc
720 1987 801 2012 non
840 1977 1008 2026 sequitur
1046 1977 1153 2026 quod
1193 1976 1416 2014 sacerdotes
1454 1977 1506 2014 illi
1543 1977 1617 2014 sint

289 2046 444 2083 maioris
482 2047 717 2084 auctoritatis
755 2059 874 2096 quam
913 2060 978 2084 rex
1018 2048 1084 2097 qui
1121 2049 1170 2085 ab
1208 2048 1261 2085 eis
1300 2046 1476 2097 accepit⁴²
1513 2048 1617 2086 hunc

255 2128 270 2159 ,-
290 2117 473 2165 spiritum.
529 2116 643 2155 Unde
665 2117 713 2154 ad
733 2118 944 2155 tollendum
965 2119 1166 2155 cecitatem
1183 2119 1282 2155 illius
1297 2118 1449 2167 argucie
1471 2131 1616 2167 ponam

290 2187 424 2236 triplex
445 2187 677 2236 exemplum.
734 2188 910 2224 Primum
930 2201 997 2227 rex
1018 2195 1191 2225 terrenus
1213 2189 1278 2226 dat
1298 2188 1386 2225 duci
1405 2189 1463 2226 vel
1484 2189 1614 2226 comiti
1627 2197 1688 2223 The
1702 2197 1829 2224 minister

1626 2231 1748 2263 through
1762 2232 1854 2257 whom

292 2257 412 2295 iocale
438 2270 506 2306 per
530 2258 725 2303 nuncium,
745 2270 837 2306 ymo
868 2258 1050 2296 ducatum
1074 2259 1132 2296 vel
1158 2260 1384 2297 comitatum
1411 2272 1480 2308 per
1508 2260 1885 2324 iusti-ssaffssnffizffigirsssa

290 2328 448 2365 ciarium
477 2328 535 2365 vel
568 2328 683 2365 alium
718 2329 945 2375 ministrum,
977 2336 1013 2366 ct
1044 2335 1173 2367 tamen
1207 2342 1288 2367 non
1325 2336 1479 2379 oportet
1509 2331 1612 2380 quod
1625 2332 1879 2397 ssffssgffifflsmws

290 2399 462 2436 minister
481 2399 576 2436 dans
601 2399 672 2437 hec
696 2399 986 2437 ministerialiter
1014 2401 1061 2437 sit
1091 2401 1243 2438 maioris
1272 2402 1471 2450 potestatis
1495 2414 1611 2451 quarn
1625 2399 1860 2465 ssgc‘ilffiggtywsts

235 2485 275 2514 30
290 2469 366 2507 dux
387 2470 445 2507 vel
473 2482 614 2508 comes.
671 2470 722 2507 Et
742 2483 890 2519 negans
910 2471 1015 2520 quod
1037 2472 1208 2509 minister
1231 2472 1295 2509 dat
1315 2473 1435 2511 modo
1455 2485 1523 2511 suo
1543 2473 1614 2511 hec

290 2540 515 2589 temporalia
553 2553 632 2578 non
672 2541 847 2578 fundabit
880 2541 984 2591 quod
1017 2542 1198 2580 sacerdos
1230 2543 1289 2581 vel
1328 2543 1515 2594 propheta
1549 2545 1614 2582 dat

290 2611 462 2659 spiritum
483 2618 657 2649 sanctum
677 2612 734 2648 vel
765 2611 867 2648 dona
889 2612 1108 2661 spiritualia.
1165 2613 1269 2651 Nam
1299 2616 1502 2664 utrobique
1532 2628 1612 2652 non

289 2687 346 2718 est
362 2681 435 2718 nisi
456 2682 566 2720 dacio
586 2683 854 2720 ministerialis.
915 2682 1134 2720 Secundum
1155 2685 1396 2733 exemplum:
1429 2686 1890 2754 simplex⁵fflhesigr1¹1f>tgsgrizst

1644 2736 1649 2744 ’
1661 2737 1688 2753 10
1701 2737 1715 2753 C
1765 2738 1779 2753 e
1827 2737 1839 2753 S
1870 2738 1882 2754 Γ

292 2751 472 2789 sacerdos
492 2752 556 2789 dat
575 2753 613 2789 in
635 2765 725 2790 casu
746 2766 843 2802 pape
864 2753 1165 2801 absolucionem,
1189 2755 1435 2793 eukaristiam
1455 2757 1514 2793 vel
1540 2757 1611 2795 alia
1624 2761 1800 2788 administer-c,
1815 2762 1863 2788 the

332 2846 341 2863 ¹
366 2847 433 2878 sive
449 2851 513 2888 pro
530 2847 610 2885 sine,
628 2855 660 2878 A.
739 2846 752 2864 ²
775 2848 937 2890 capitulis,
950 2859 1011 2880 om.
1029 2857 1061 2879 Λ.
1145 2848 1155 2865 ³
1180 2849 1334 2881 deberunt
1351 2855 1415 2891 pro
1431 2850 1559 2889 diceret,
1580 2859 1609 2882 B.

293 2898 302 2915 ⁴
325 2899 455 2940 accipit,
474 2906 504 2931 Β.
596 2899 606 2915 ⁵
631 2900 782 2941 octuplex
799 2905 862 2941 jvro
877 2900 1023 2941 simplex,
1044 2910 1075 2931 Α,

940 2970 961 2993 L
