2018 3401
92 336 173 381 150
799 341 864 372 DE
896 341 1090 374 OFFICIO
1124 343 1278 375 REGIS.

87 451 355 512 ἶὲιοζιέετειῗινιιιῖξῑῖά
368 445 650 494 scripturarum,
683 446 880 496 quomodo
912 448 1107 497 signanter
1135 455 1329 497 ponuntur
1361 449 1513 486 termini
1544 449 1582 486 in
1611 462 1697 499 pre-

295 506 302 512 ·
330 505 344 519 ⁹
367 517 468 555 dieta
497 518 717 555 auctoritate
743 518 890 567 psalmi.
948 518 1050 556 Nam
1083 520 1331 557 Canticorum
1352 520 1386 556 vi
1416 520 1505 557 dicit
1533 533 1697 570 sponsus

366 588 413 626 de
443 596 576 626 sancta
606 595 726 626 matre
747 589 907 627 ecclesia
933 589 1017 626 Una
1037 595 1091 627 est
1107 591 1270 628 columba
1291 604 1391 637 mea;
1422 591 1547 629 clerici
1569 599 1696 629 autem
1710 600 1839 632 Cantic.

367 660 681 708 ewangelisantes
702 667 885 697 vocantur
911 673 1039 710 penne
1063 662 1220 699 ecclesie
1245 663 1334 712 quia
1355 669 1502 711 partem
1523 662 1696 700 laicalem
1710 653 1753 674 Ἦ·
1771 645 1801 675 8·

367 743 542 780 grossam
572 738 608 768 et
635 732 826 769 carnalem
854 733 1120 781 predicacione
1146 733 1344 783 ewangelii
1366 733 1514 771 ferunt¹
1535 746 1726 777 sursum.5

367 801 482 839 Unde
502 803 541 839 in
561 803 704 840 visione
725 803 903 841 Ezechiel
925 804 1050 853 primo
1083 804 1218 842 dicitur
1249 805 1354 854 quod
1367 806 1500 855 facies
1525 818 1646 841 eorum
1667 810 1701 841 el
1713 810 1766 841 Ez.
1784 810 1806 840 i.
1823 818 1871 846 11,
1886 809 1916 841 8.

360 881 477 922 penne
500 887 620 911 eorum
649 880 790 911 extense
810 875 960 923 desuper
987 882 1023 912 et
1052 876 1259 914 similitudo
1291 889 1423 913 manus
1450 877 1607 912 hominis
1633 876 1698 912 suh

362 943 520 995 pennis-²
551 958 684 992 eorum,
721 946 806 984 etc.³
863 945 982 992 Quod
1021 948 1179 996 exponit
1218 948 1354 985 beatus
1394 946 1604 996 Gregorius
1643 948 1699 983 vio
1713 956 1849 997 Gregor.

1712 1000 1796 1030 Mor.
1814 999 1887 1031 Lib.

367 1016 567 1054 moralium
590 1017 629 1053 in
649 1017 745 1054 fine:
782 1017 884 1063 Quid
900 1019 994 1054 enim
1008 1025 1078 1066 per
1090 1025 1235 1067 pennas
1265 1019 1484 1055 am'malz'um
1516 1019 1594 1055 m'sz'
1616 1031 1697 1054 con-

367 1089 616 1137 templaczbncs
647 1096 844 1138 possumus
882 1090 998 1126 dl'cere
1035 1094 1258 1136 sanctorum,
1297 1091 1431 1137 quibus
1469 1091 1523 1126 ad
1554 1103 1697 1126 summa
1714 1104 1754 1126 10

365 1161 605 1196 transvolant
632 1165 665 1196 el
690 1165 834 1197 terrena
858 1161 1052 1197 derel-enses
1071 1175 1142 1197 sese
1162 1163 1200 1197 sn
1223 1162 1407 1198 ccleslz'lms
1427 1162 1577 1198 lz‘brant.
1638 1161 1699 1200 Sic
1714 1175 1752 1202 z,

368 1230 481 1280 igitur
495 1243 563 1279 per
578 1243 725 1280 pennas
741 1231 918 1269 columbe
935 1232 1106 1281 signatur
1122 1233 1160 1268 in
1177 1232 1446 1281 predicacione
1457 1233 1469 1251 ⁴
1486 1232 1700 1269 secundum

89 1298 182 1324 These
196 1297 340 1331 wfngssaffi
369 1302 582 1339 essenciam
613 1302 735 1340 clerus
765 1303 889 1340 Cristi.
947 1303 1014 1340 Ille
1045 1316 1172 1352 penne
1203 1303 1417 1341 secundum
1439 1303 1700 1352 Augustinum
1715 1313 1800 1354 Aug.
1817 1311 1880 1347 loc,

90 1332 97 1344 ‘
107 1333 224 1358 covered
238 1332 306 1357 with

90 1366 191 1398 silver‚'
207 1367 286 1391 when
302 1366 349 1391 the

91 1400 187 1432 clergy
199 1409 246 1425 are
260 1400 298 1425 in-

89 1433 326 1494 ῗᾞζξξίζάοξζζξθ
370 1457 536 1494 namque
552 1445 697 1482 domini
714 1445 890 1482 dicuntur
903 1445 1052 1493 psalmo
1069 1445 1104 1481 xi
1119 1445 1327 1493 fill-gensum
1345 1447 1428 1494 (gne
1443 1447 1698 1482 exmm'nalmn
1714 1457 1765 1488 ΡΞ,
1784 1457 1838 1488 xii.
1857 1456 1887 1488 6,

92 1501 190 1528 ΠΜ]
361 1516 559 1564 probalum
589 1520 622 1552 cl
642 1520 845 1564 pm'galum
874 1521 969 1552 lvrre
996 1515 1231 1565 szpssluplum.
1290 1516 1417 1562 Tunc,
1446 1517 1579 1566 inquit,
1601 1517 1704 1554 dabit
1714 1525 1759 1554 32
1777 1525 1811 1554 d.

368 1588 536 1624 dominus
566 1588 713 1624 verbum
748 1588 1094 1635 ι’ῖυαιζςθίιζιαηίίόῑιε
1129 1589 1266 1624 vz'rlulc
1299 1588 1415 1624 mulla
1449 1588 1479 1624 Si
1512 1588 1549 1624 in
1580 1588 1699 1624 duum

370 1380 458 1410 sunt
478 1373 722 1422 deargentate
743 1374 898 1423 quando
920 1381 1007 1411 sunt
1023 1375 1161 1411 de'w'm’s
1175 1375 1326 1422 eloquiis
1340 1375 1487 1410 erudsle.
1536 1374 1701 1423 Eloquia
1713 1361 1768 1388 ω·

369 1658 710 1696 testamentoru1n⁵
740 1659 963 1696 auctoritate
993 1659 1231 1706 quiescentes
1263 1659 1464 1708 utriusque
1497 1659 1698 1708 probacio-

370 1731 483 1767 nibus
526 1730 633 1779 quasi
682 1730 915 1767 dormientes
961 1730 1122 1778 pacifice
1169 1730 1399 1778 quietantur·
1457 1730 1529 1767 Ale
1571 1737 1700 1767 autem

370 1802 529 1839 ecclesie
545 1815 592 1839 ex
608 1808 713 1851 parte
735 1801 836 1839 dorsi
857 1803 952 1838 [ulcr
971 1801 1143 1850 scapulas
1159 1802 1398 1851 originantur
1414 1814 1435 1839 a
1450 1801 1577 1847 corde,
1595 1802 1700 1851 quod
1718 1815 1757 1837 20

371 1873 584 1922 significatG
613 1873 845 1921 sapienciam
866 1878 904 1909 et
923 1873 1120 1909 caritatem
1150 1873 1307 1910 ecclesie
1339 1885 1361 1909 a
1390 1872 1528 1919 Cristo,
1551 1873 1616 1922 qui
1645 1880 1702 1910 est

370 1943 458 1981 fons
491 1943 692 1992 sapiencie,
715 1943 884 1980 derivari.
943 1943 1046 1980 Nam
1076 1956 1174 1981 onus
1198 1943 1323 1988 Cristi,
1345 1943 1451 1992 quod
1481 1944 1519 1980 in
1549 1944 1702 1982 duobus

371 2014 558 2064 preceptis
595 2015 759 2052 caritatis
797 2014 983 2063 impletur,
1019 2020 1076 2051 est
1105 2014 1186 2051 leve
1217 2014 1361 2051 amanti
1391 2026 1478 2051 cum
1509 2021 1702 2063 gratanter

371 2086 540 2131 moritur,
562 2085 666 2134 quod
686 2093 742 2122 est
764 2085 947 2122 dormicio
969 2085 1007 2121 in
1028 2084 1098 2121 hiis
1120 2084 1239 2121 cleris.
1298 2084 1432 2122 Clerus
1452 2085 1553 2121 enirn
1576 2085 1701 2134 signat

373 2157 584 2194 secundum
606 2156 868 2205 Augustinum
890 2156 965 2193 duo
988 2162 1215 2193 testamenta
1236 2155 1292 2192 vel
1323 2155 1400 2192 duo
1431 2162 1608 2205 precepta
1637 2163 1699 2193 aut
1715 2167 1753 2197 25

373 2228 468 2266 duas
490 2227 716 2265 hereditates
736 2240 783 2264 ex
804 2227 859 2264 eis
878 2226 1080 2264 causaliter
1103 2227 1368 2275 procedentes,
1427 2226 1571 2264 Omnia
1599 2227 1700 2264 enim

373 2300 444 2336 ista
482 2299 553 2336 tria
589 2299 834 2348 predicantur
871 2298 918 2335 de
967 2298 1067 2335 clero
1116 2297 1327 2334 secundum
1367 2297 1514 2335 diversa
1560 2310 1702 2346 genera

373 2370 605 2419 predicandi.
664 2369 874 2414 Ism'edz'las,
913 2369 1046 2418 inquit,
1088 2370 1216 2405 veleris
1254 2369 1459 2404 leslamenlz‘
1492 2369 1531 2404 in
1570 2369 1701 2405 umbra
1715 2379 1800 2410 Ibid,
1818 2390 1876 2420 op,

363 2442 580 2490 figurativa
614 2441 823 2476 lzcredt'lalz's
841 2440 981 2489 fillum
1013 2444 1072 2485 (sl,
1107 2444 1250 2476 serretur
1268 2439 1444 2487 fiJl'cl'las
1458 2453 1476 2481 ‚·
1519 2440 1700 2477 hereditas
1713 2428 1766 2454 ω’
1783 2426 1799 2461 5
1815 2432 1865 2454 ²⁰·

375 2525 460 2549 vero
498 2512 588 2547 novi
612 2512 817 2547 leslamenlz'
848 2515 901 2547 csl
934 2515 1056 2547 elerna
1091 2510 1362 2546 immortalitas.
1438 2510 1488 2546 Et
1517 2511 1570 2548 sic
1609 2523 1696 2548 cum
1713 2529 1754 2560 30

378 2583 480 2620 idem
512 2583 558 2619 sit
592 2581 802 2619 secundum
842 2581 990 2619 Grecos
1028 2581 1193 2618 dormire
1230 2582 1324 2617 inter
1355 2581 1486 2617 medios
1515 2583 1628 2618 cleros
1665 2590 1702 2620 et

376 2653 615 2691 secundum⁷
649 2665 720 2690 nos
758 2652 923 2690 dormire
962 2653 1000 2689 in
1037 2652 1167 2690 medio
1205 2651 1403 2696 clerorum,
1439 2653 1533 2689 sicut
1566 2654 1702 2702 probat

375 2725 555 2774 exemplo
575 2724 788 2762 Grecorum
811 2723 1019 2772 multiplici,
1036 2729 1138 2772 patet
1159 2722 1263 2771 quod
1286 2734 1412 2770 penne
1429 2724 1587 2761 ecclesie
1610 2731 1699 2762 tunc

421 2843 430 2862 ¹
448 2843 572 2875 fuerunt
588 2849 652 2884 pro
669 2843 782 2879 ferunt,
800 2851 832 2873 Α.
922 2842 934 2859 '·’
951 2842 1063 2873 subtus
1080 2851 1213 2881 pennas,
1233 2848 1267 2878 Α,
1288 2848 1317 2871 12.
1395 2842 1405 2857 ἶ)
1423 2847 1489 2873 erat
1509 2847 1571 2883 pro
1588 2847 1646 2873 etc.
1667 2850 1699 2872 Α.

376 2895 386 2913 ⁴
409 2895 507 2926 verba
530 2895 561 2925 in
586 2895 810 2936 predicacione
833 2894 890 2929 ln's,
918 2902 949 2924 Α.
1071 2892 1084 2911 ⁵
1108 2896 1311 2929 testamenta,
1337 2901 1369 2923 A.
1491 2892 1502 2909 ὓ
1524 2894 1631 2934 signat
1666 2902 1698 2924 Α.

378 2946 388 2963 ⁷
412 2957 519 2978 servos
537 2952 599 2987 pro
616 2946 792 2978 secundum
810 2956 878 2984 nos,
898 2954 929 2976 Λ.
