2018 3401
704 307 769 337 DE
802 306 997 338 OFFIcio
1031 306 1187 338 REGIS.
1810 306 1888 349 155

289 418 437 448 tantum
477 411 580 461 quod
620 412 804 460 segnicies
842 413 880 448 in
920 412 997 449 istis
1036 411 1133 450 foret
1170 412 1338 449 maxime
1378 411 1611 461 prodicionis
1624 419 1893 480 ξῑηῗςιῑιζιιιᾱεοῃ-

1644 464 1719 480 Scae
1766 464 1834 480 ere-

287 483 470 520 indicium
484 482 508 520 ¹.
566 482 650 520 Rex
671 483 782 533 igitur
802 491 838 521 et
858 482 1044 533 regnum2
1064 496 1144 521 non
1165 483 1306 520 debent
1327 483 1372 520 de
1394 484 1505 520 bonis
1533 484 1892 549 snisitii¹0U1e1{⁰ielgi⁵i¹t⁰p⁵

1734 532 1751 554 g
1845 542 1850 547 .

288 554 501 603 proditores
522 566 611 591 suos
631 554 832 592 defendere
864 555 930 592 sed
950 555 1167 592 fomentum
1196 554 1430 604 prodicionis
1460 556 1610 592 subtra-

289 624 389 670 here,
411 637 497 662 cum
528 625 603 662 hoc
623 632 795 674 vergeret
827 626 875 662 ad
907 626 1116 664 comodum
1148 626 1361 675 utrobique.
1421 626 1519 662 Item
1547 639 1613 663 rex

256 707 273 738 5
290 695 404 733 habet
433 702 660 744 potestatem
681 697 914 746 precipiendi
944 697 1128 746 episcopo
1157 709 1224 735 suo
1246 697 1317 734 sub
1337 709 1438 745 pena
1459 697 1614 734 ammis-

290 767 409 804 sionis
448 767 716 816 temporalium
754 768 818 805 ubi
857 780 936 805 non
985 768 1146 816 emergit
1193 774 1271 804 tam
1320 775 1456 816 patens
1502 780 1615 804 casus

288 838 454 886 periculi,
495 851 587 887 ergo
636 839 853 876 evidencius
901 839 939 875 in
987 839 1125 876 maiori
1172 838 1340 888 periculo
1389 839 1496 887 regni
1545 840 1614 876 sui.

289 909 542 958 Assumptum
573 915 678 958 patet
706 922 753 946 ex
782 909 856 946 hoc
883 909 989 958 quod
1019 914 1174 958 propter
1205 908 1425 958 episcopale
1446 908 1615 945 officium

290 979 394 1017 dedit
424 992 491 1016 rex
522 980 591 1016 sibi
622 980 869 1029 stipendium,
899 993 970 1017 nec
1003 980 1098 1017 soret
1130 992 1195 1016 rex
1217 980 1325 1028 regni
1357 979 1428 1016 nisi
1457 979 1614 1016 haberet

236 1060 275 1082 10
289 1058 517 1100 potestatem
551 1051 599 1087 ad
635 1052 806 1100 regimen
839 1052 947 1099 regni
983 1051 1028 1088 de
1059 1051 1206 1088 cunctis
1237 1050 1314 1088 suis
1340 1050 1614 1099 temporalibus

289 1122 497 1171 providere.
555 1122 654 1159 Cum
687 1122 789 1159 enim
819 1122 878 1159 lex
909 1122 1035 1159 divina
1064 1128 1100 1158 et
1124 1121 1185 1158 lex
1205 1121 1463 1159 ecclesiastica
1483 1121 1615 1159 dicunt

289 1193 395 1242 quod
415 1194 453 1229 in
473 1192 547 1230 hoc
569 1200 640 1230 stat
660 1193 872 1230 maximum
902 1193 1008 1241 regni
1038 1192 1244 1241 periculum
1274 1199 1365 1230 nota
1386 1192 1615 1231 infidelitatis

71 1268 109 1297 c.
288 1263 386 1301 foret
410 1265 533 1312 magis
554 1264 748 1301 attendere
779 1264 827 1300 ad
857 1264 1024 1313 pericula
1056 1264 1164 1312 regni
1195 1264 1387 1301 sensibilia
1417 1276 1534 1314 quam
1566 1264 1615 1301 ad

290 1335 392 1371 illud.
451 1335 548 1372 Item
576 1335 778 1384 episcopus
809 1342 958 1371 tenetur
987 1335 1143 1372 obedire
1172 1335 1250 1384 regi
1281 1347 1352 1373 suo
1383 1335 1421 1371 in
1445 1335 1555 1372 licitis
1579 1342 1615 1372 et

237 1410 273 1442 15
291 1406 496 1452 canonicis,
530 1406 597 1443 sed
628 1407 699 1443 ista
730 1407 852 1443 forent
879 1407 1200 1455 pertinentissime
1230 1406 1330 1443 licita
1359 1413 1396 1443 et
1427 1406 1616 1443 canonica

289 1478 380 1527 quia
417 1477 544 1514 officio
582 1477 788 1527 episcopali
826 1490 872 1514 ex
917 1477 1064 1526 legibus
1104 1477 1263 1515 ecclesie
1302 1477 1484 1524 limitata3
1524 1490 1615 1527 ergo

287 1549 494 1586 honestum
517 1548 611 1586 foret
635 1549 818 1598 episcopo
839 1549 877 1584 in
898 1547 1137 1597 perfeccione
1166 1548 1325 1585 istorum
1355 1560 1426 1586 suo
1457 1548 1615 1586 domino

288 1620 389 1669 legio
405 1619 571 1656 obedire.
609 1619 728 1656 Aliter
749 1619 852 1656 enim
874 1632 939 1656 rex
961 1619 1021 1668 pie
1043 1619 1234 1656 aufferens
1254 1620 1303 1656 ab
1324 1631 1370 1656 eo
1390 1619 1616 1668 temporalia

289 1698 325 1728 et
347 1690 441 1727 dans
463 1690 569 1727 alteri
588 1690 738 1727 facienti
759 1690 850 1727 illud
871 1690 1037 1727 officium
1058 1690 1208 1738 posset3
1224 1691 1310 1726 x‘ere
1330 1696 1366 1727 et
1383 1691 1615 1739 pertinenter

71 1758 168 1790 Matt.
185 1768 238 1789 xx.
289 1761 434 1799 dicere:
465 1765 473 1780 ‘
487 1761 615 1797 Amice
633 1774 704 1797 non
718 1761 833 1809 facio
852 1761 924 1797 libs
938 1761 1130 1806 iniuriam,
1154 1772 1243 1797 nam
1264 1767 1371 1798 tuum
1392 1762 1496 1798 non⁴
1518 1761 1612 1798 foret
1627 1764 1713 1791 Foris
1720 1764 1766 1791 the
1777 1765 1895 1791 serviceS

74 1811 86 1832 1
95 1812 125 1842 3.
1625 1808 1672 1824 are
1680 1806 1726 1824 not
1737 1799 1892 1831 performed

289 1833 379 1869 illud
401 1832 584 1869 donatum
605 1832 675 1868 nisi
699 1831 948 1880 compleveris
970 1838 1075 1868 tuum
1096 1831 1277 1878 officium,
1296 1832 1363 1868 sed
1384 1832 1421 1868 in
1442 1833 1614 1870 maximo
1627 1832 1779 1898 ξξῃῖζξῑιξὶέ)
1781 1833 1893 1892 ᾒῑίῑὲθῖῗο-

288 1904 394 1952 regni
410 1903 579 1952 periculo
601 1910 735 1940 contra
755 1902 918 1940 salutem
938 1903 1066 1939 anime
1087 1914 1172 1939 mee
1193 1915 1233 1939 es
1253 1902 1346 1939 mihi
1367 1902 1593 1940 inobediens
1606 1916 1614 1949 3
1629 1906 1894 1966 ζζνξζξῖξῐξὲζξο

288 1975 375 2012 ideo
399 1987 421 2011 a
447 1981 482 2011 te
509 1974 666 2019 auffero,
688 1986 766 2011 non
801 1980 877 2019 tua,
898 1973 964 2010 scd
994 1974 1098 2010 bona
1127 1973 1235 2022 regni
1265 1974 1341 2010 mei
1375 1986 1450 2023 que
1482 1981 1616 2011 contra

289 2058 474 2083 coronam
507 2052 545 2082 et
579 2045 703 2094 legem
739 2045 798 2082 dei
833 2045 971 2081 iniuste
1006 2044 1197 2093 occupas.’
1274 2044 1534 2082 Confirmatur
1567 2057 1613 2082 ex
1628 2055 1884 2088 Asthispowerof

236 2128 274 2160 25
289 2117 363 2154 hoc
385 2117 508 2166 primo
521 2116 534 2135 ⁵
554 2116 659 2165 quod
690 2116 998 2165 archiepiscopus
1019 2116 1075 2153 vel
1095 2128 1196 2164 papa
1217 2115 1330 2152 debet
1350 2116 1389 2152 in
1410 2116 1474 2152 tali
1496 2128 1587 2152 casu
1601 2090 1846 2182 ὃὲιῗιζῖἕῖἶέἓςέἐεᾱ
1866 2131 1895 2150 ιο

1633 2167 1657 2182 n:
1670 2166 1726 2189 ong
1751 2166 1767 2182 o
1813 2166 1827 2182 e

288 2189 515 2237 episcopum
550 2187 806 2236 negligentem
845 2186 1078 2236 suspendere
1118 2193 1155 2223 et
1192 2186 1364 2223 multare.
1433 2186 1508 2223 Sed
1546 2199 1610 2224 rex
1624 2191 1772 2249 {5333}ss
1775 2191 1836 2255 ‘21¹5‘

290 2259 404 2296 habet
433 2258 582 2307 plenius
613 2258 828 2295 dominium
857 2270 970 2306 super
1002 2257 1133 2295 onmia
1158 2258 1384 2306 temporalia
1418 2257 1523 2306 regni
1556 2258 1611 2295 sui
1625 2257 1896 2323 {32331351152ffl0²·i

291 2341 407 2379 quam
425 2341 513 2366 suus
534 2329 850 2379 metropolitanus
864 2330 921 2367 vel
938 2342 1050 2378 papa,
1068 2330 1180 2379 igitur
1200 2330 1280 2378 regi
1301 2330 1386 2367 licet
1403 2330 1614 2379 specialiter
1629 2325 1707 2384 ἓξὲξ
1720 2325 1895 2384 {ffl'rgsggue

1629 2393 1685 2418 and
1695 2392 1717 2417 is
1726 2392 1896 2424 responsible

1630 2427 1671 2452 sor
1685 2427 1731 2452 the
1744 2426 1835 2458 sasety
1845 2426 1877 2452 of

1629 2461 1676 2486 the
1690 2460 1834 2492 kingdom.

293 2401 332 2437 in
363 2411 496 2437 eorum
527 2401 767 2450 negligencia
797 2401 956 2437 aufferre
978 2413 999 2437 a
1020 2401 1096 2437 suis
1126 2401 1387 2450 proditoribus
1414 2403 1517 2439 bona
1538 2414 1617 2439 sua.

239 2471 413 2509 30Aliter
450 2472 565 2517 enim,
605 2484 693 2510 cum
732 2472 782 2508 illi
822 2479 983 2521 possunt
1022 2472 1192 2521 perverti,
1229 2473 1314 2522 plus
1353 2474 1616 2522 appreciantes

294 2543 519 2592 temporalia
549 2555 664 2593 quam
700 2543 860 2580 salutem
894 2543 993 2592 regis
1023 2549 1060 2580 et
1099 2543 1217 2593 regni,
1254 2555 1334 2581 non
1373 2544 1500 2581 liceret
1538 2544 1617 2593 regi

294 2614 492 2663 providere
513 2614 560 2651 de
581 2614 661 2652 istis
680 2614 792 2651 bonis
814 2615 921 2663 regni
943 2614 1029 2651 licet
1057 2614 1262 2652 occasione
1292 2615 1464 2664 ipsorum
1494 2615 1617 2663 preci-

295 2685 413 2734 pitent
444 2696 575 2733 regem
611 2692 648 2722 et
683 2697 845 2733 regnum
878 2685 1090 2722 secundum
1132 2697 1269 2734 corpus
1304 2692 1340 2722 et
1375 2685 1542 2722 animam
1578 2685 1616 2721 in

340 2849 348 2866 ¹
374 2851 417 2880 ln
435 2860 538 2889 marg.
556 2850 746 2883 Conclusio.
765 2858 794 2880 Β.
906 2850 917 2867 ²
941 2851 1039 2890 regni,
1058 2858 1089 2881 Α.
1209 2850 1220 2865 ³
1246 2854 1362 2890 potest,
1384 2857 1411 2879 Β.
1522 2849 1528 2866 “
1554 2860 1617 2880 non

295 2912 355 2932 om.
375 2911 408 2932 Α.
498 2901 509 2918 ⁵
534 2902 640 2942 primo
657 2913 695 2933 ex
712 2902 784 2940 hoc,
803 2902 868 2933 ord.
887 2903 969 2940 inv„
988 2910 1017 2932 B.
1107 2900 1117 2916 ¹³
1141 2912 1237 2932 eausa
1254 2906 1318 2941 pro
1335 2911 1421 2939 casu,
1440 2909 1472 2931 Α.
