2018 3401
148 330 203 382 58
848 332 914 365 DE
946 331 1145 365 OFF1c10
1178 329 1332 363 REGIS.

149 450 264 478 Forthe
280 451 367 483 King‚
382 458 413 477 as
427 440 618 490 sapientes
637 438 855 489 philosophi
880 444 917 475 et
944 437 1122 475 divinitus
1149 436 1352 486 loquentes
1378 434 1556 472 dixerunt
1578 432 1685 483 quod
1712 432 1752 470 in

146 485 410 579 {figqussfssgffi’
424 511 556 561 primis
589 511 698 548 decet
718 510 863 559 regiam
884 509 1125 546 maiestatem
1155 507 1422 556 obtemperare
1443 505 1629 554 legalibus
1648 503 1754 541 insti-

158 562 211 586 ega
238 562 280 578 ms
296 562 303 579 1
319 561 336 578 u
353 562 413 579 tons

147 586 370 647 {¹},{‘}‡¹i1},{’r{²¹¹d
426 583 515 620 tutis
528 594 608 620 non
624 581 663 618 in
679 582 766 619 ficta
784 580 1016 630 apparencia
1030 579 1095 617 sed
1113 579 1150 615 in
1171 578 1280 616 facti¹
1296 577 1506 621 evidencia,
1526 584 1566 613 ut
1587 587 1756 625 cognos-

146 654 235 681 ShOW·
427 659 516 691 cant
536 665 673 691 omnes
697 652 825 701 ipsum
852 652 985 688 timere
1012 651 1127 688 deum
1147 650 1342 687 excelsum
1369 656 1406 686 et
1430 660 1513 686 esse
1541 647 1757 685 subiectum

427 724 552 763 divine
578 723 765 773 potencie.
824 718 940 760 Tunc
973 722 1076 759 enim
1108 721 1231 759 solent
1265 720 1440 758 homines
1471 719 1590 756 vereri
1624 729 1787 767 regem5

427 795 583 845 quando
604 795 733 832 vident
752 794 878 843 ipsum
897 794 1029 830 timere
1045 792 1183 830 Deum.
1241 791 1279 829 Si
1296 799 1424 829 autem
1440 791 1478 827 in
1499 786 1757 840 apparencia²

427 872 575 903 tanturn
608 877 648 902 se
669 865 889 914 religiosum
915 864 1090 902 ostendat
1111 871 1148 901 et
1168 864 1213 900 sit
1240 863 1276 899 in
1306 863 1488 912 operibus
1517 860 1755 906 malefactor,

425 949 514 974 cum
544 936 694 974 difficile
734 936 780 973 sit
819 935 1004 985 nepharia
1033 946 1151 984 opera
1188 933 1324 972 celari³
1362 941 1399 971 et
1437 939 1530 982 aput
1568 931 1757 981 populum

425 1008 605 1056 ignorari,
632 1020 654 1044 a
678 1006 765 1044 Deo
792 1006 1060 1055 reprobabitur
1088 1012 1126 1043 et
1155 1006 1204 1042 ab
1236 1005 1417 1043 omnibus
1443 1008 1749 1052 contempnetur.

427 1078 536 1116 Patet
569 1078 766 1116 sentencia
796 1077 928 1115 huius⁴
962 1076 1182 1126 philosophi
1214 1089 1260 1114 ex
1291 1077 1446 1114 racione
1479 1074 1756 1125 principiorum
1774 1087 1813 1110 10

426 1149 513 1186 fidei
540 1155 577 1186 et
605 1150 654 1186 ab
681 1148 922 1198 experiencia
951 1156 1062 1198 capta
1090 1148 1136 1185 de
1160 1148 1316 1196 regibus
1336 1147 1487 1184 Veteris
1507 1143 1758 1182 Testamenti.

427 1220 528 1258 Cum
564 1221 678 1270 igitur
702 1220 762 1258 lex
792 1227 953 1257 executa
977 1220 1024 1257 sit
1054 1220 1182 1257 anima
1208 1220 1387 1256 virtutum
1417 1219 1456 1254 in
1490 1217 1566 1266 legi
1597 1215 1758 1254 subditis

426 1304 507 1329 non
534 1292 673 1328 mirum
701 1292 730 1328 si
756 1304 822 1329 rex
849 1291 1076 1341 extinguens
1104 1291 1156 1328 sic
1180 1291 1455 1328 execueionem
1485 1289 1580 1338 legis
1603 1287 1756 1337 proprie

426 1363 631 1400 mortificat
648 1363 801 1400 virtutes
814 1363 827 1382 ⁵
843 1369 879 1399 et
900 1362 988 1400 facit
1010 1362 1218 1410 irreligiose
1236 1361 1332 1399 vicia
1345 1360 1361 1379 *
1375 1360 1559 1411 pululare.
1587 1359 1635 1396 Et
1651 1365 1753 1408 patet
1769 1361 1808 1389 13
1827 1360 1862 1390 d.

425 1440 631 1483 utrumque
670 1435 889 1471 membrum
928 1433 974 1470 de
1018 1433 1166 1481 legibus
1209 1445 1342 1481 regum
1382 1440 1419 1470 et
1457 1431 1756 1469 execucionibus
1774 1446 1811 1479 15

146 1503 412 1565 {shggffgtffiffring
425 1518 568 1543 earum.
629 1505 705 1542 Sed
735 1517 805 1554 pro
826 1505 943 1542 tercio
974 1504 1186 1542 notandum
1208 1504 1313 1554 quod
1336 1504 1420 1541 licet
1441 1516 1507 1541 rex
1536 1515 1616 1540 non
1637 1502 1759 1551 possit

146 1573 278 1633 ζξξῇξὲο
291 1578 337 1599 ‘²⁰‘
426 1576 640 1626 equiperari
675 1576 749 1614 deo
783 1576 820 1612 in
856 1576 1041 1625 regimine
1078 1576 1185 1624 regni
1220 1576 1288 1621 sui,
1325 1581 1455 1612 tamen
1491 1586 1581 1612 cum
1617 1574 1663 1610 sit
1698 1572 1758 1609 dei

427 1648 588 1685 vicarius
612 1647 724 1685 debet
751 1647 875 1684 faeere
905 1659 994 1684 cum
1019 1659 1139 1696 regno
1166 1658 1236 1684 suo
1265 1645 1610 1695 proporcionaliter
1635 1656 1758 1693 quan-

147 1728 263 1788 ssssffiffl
277 1737 340 1787 ⁵¹{t
426 1727 508 1756 tum
529 1726 667 1768 potest.
724 1718 832 1755 Deus
862 1725 990 1755 autem
1020 1718 1308 1767 omnipotenter
1336 1716 1525 1754 mundum
1551 1722 1653 1753 creat
1673 1726 1758 1752 cor-

145 1771 703 1857 232035311512532’25,respondenter
732 1789 780 1826 ad
807 1797 966 1838 patrem,
991 1789 1182 1838 sapienter
1208 1796 1379 1826 creatum
1406 1788 1530 1825 inesse
1555 1791 1757 1824 conservat
1774 1799 1814 1822 20

146 1840 351 1924 ffissisgfflisslffst
366 1897 413 1923 the
425 1861 773 1911 correspondenter
803 1861 851 1898 ad
873 1861 1003 1907 filium,
1026 1867 1063 1898 et
1092 1867 1362 1898 conservatum
1389 1859 1427 1895 in
1451 1871 1522 1896 suo
1543 1870 1626 1895 esse
1648 1856 1757 1895 beni-

146 1931 333 1991 fflisngjgffssigv
347 1938 396 1969 10.
426 1933 596 1970 volenter
642 1932 681 1969 in
730 1944 800 1969 suo
848 1944 1031 1981 processu
1078 1932 1268 1980 gubernat
1316 1930 1662 1980 correspondenter
1709 1928 1759 1965 ad

253 1972 327 1996 Jects
341 1966 413 1991 their

146 1999 359 2059 ζξὲιξῆῃᾱξζζῗξῑ
425 2003 598 2052 spiritum
632 2010 819 2041 sanctum.
879 2003 1240 2052 Correspondenter
1271 2015 1336 2039 rex
1367 2002 1481 2039 debet
1508 2001 1635 2038 facere
1670 2012 1758 2049 pro·

145 2067 381 2133 233¹{v25l55‘35'ffise
424 2074 734 2123 porcionabiliter
772 2086 851 2123 quo
892 2074 940 2111 ad
988 2074 1202 2122 corporalia
1249 2073 1412 2111 comissa
1453 2085 1523 2110 suo
1566 2070 1755 2120 regimini,

146 2134 222 2159 them
236 2144 266 2160 as
281 2136 395 2167 regards

146 2168 219 2193 their
232 2174 351 2201 tempor-

145 2202 245 2229 alities.

426 2145 539 2182 debet
587 2145 690 2182 enim
738 2145 861 2195 legios
914 2157 1006 2183 suos
1054 2145 1092 2181 in
1140 2144 1322 2194 gradibus
1371 2144 1448 2181 suis
1495 2150 1670 2189 statuere,
1718 2143 1756 2179 in
1773 2152 1811 2184 25

426 2217 538 2254 bonis
586 2224 719 2253 nature
778 2228 845 2254 eos
908 2216 1123 2262 defendere,
1181 2222 1218 2253 et
1265 2216 1384 2253 tercio
1432 2227 1509 2264 quo
1557 2214 1606 2251 ad
1654 2214 1758 2251 bona

426 2287 651 2336 temporalia
689 2299 756 2325 eos
794 2288 833 2324 in
872 2300 942 2325 suo
974 2288 1053 2324 iure
1091 2287 1250 2337 provide
1290 2287 1515 2336 gubernare.
1574 2285 1665 2331 Quo
1705 2284 1754 2322 ad
1768 2295 1815 2324 N.

425 2358 591 2407 primum
640 2365 742 2407 patet
791 2359 896 2407 quod
944 2371 1101 2396 necesse
1141 2365 1198 2396 est
1237 2366 1363 2408 partes
1411 2358 1520 2407 regni
1558 2357 1597 2394 in
1635 2369 1757 2407 quan-

147 2425 375 2452 Theremustbe
426 2430 529 2466 titate
560 2436 597 2465 et
632 2441 795 2467 numero
839 2430 1011 2479 coaptari
1051 2431 1141 2479 quia
1183 2431 1212 2468 si
1261 2442 1399 2467 omnes
1442 2429 1567 2467 forent
1609 2427 1758 2466 domini

147 2460 225 2485 three
238 2459 406 2485 hierarchies

148 2493 175 2519 in
190 2493 236 2518 the
251 2500 323 2518 state
339 2500 345 2518 :

147 2527 256 2559 priests,
270 2527 352 2556 lords,

147 2562 203 2587 and
217 2561 369 2587 labourers.

427 2500 491 2537 ubi
513 2500 637 2537 forent
651 2501 663 2521 ⁶
687 2498 887 2553 operari[i]
912 2501 988 2538 sive
1010 2502 1130 2538 servi?
1190 2501 1227 2538 Si
1249 2512 1386 2539 omnes
1408 2500 1530 2537 forent
1547 2499 1757 2548 presbyteri
1772 2505 1813 2537 30

428 2572 491 2609 ubi
531 2571 653 2609 forent
691 2571 838 2609 domini
877 2573 1138 2621 gubernantes
1171 2573 1230 2610 vel
1269 2571 1486 2609 seculariter
1524 2570 1758 2619 operantes?

427 2643 523 2680 Ideo
551 2655 710 2680 necesse
740 2651 797 2680 est
826 2656 909 2681 esse
944 2651 1019 2681 tres
1050 2643 1263 2681 Ierarchias
1294 2643 1332 2679 in
1363 2653 1485 2691 regno
1515 2653 1588 2690 que
1619 2652 1758 2678 omnes

425 2726 542 2751 unam
578 2726 784 2763 personam
818 2714 1045 2752 unicordem
1081 2714 1323 2760 constituant,
1360 2713 1503 2750 scilicet
1541 2712 1759 2750 sacerdotes

426 2786 485 2823 vel
517 2793 699 2832 oratores,
737 2786 926 2823 seculares
961 2786 1140 2823 dominos
1174 2785 1231 2823 vel
1263 2784 1495 2829 defensores,
1526 2790 1562 2821 et
1597 2783 1757 2833 plebeos

473 2880 482 2897 ¹
507 2881 629 2919 insecti,
658 2888 692 2919 Α,
719 2889 759 2918 rz;
784 2881 817 2912 in
842 2881 930 2919 facti,
954 2892 1035 2912 corr.
1059 2880 1127 2912 edd.
1217 2879 1228 2896 ²
1251 2884 1379 2911 tantum
1403 2879 1435 2911 in
1459 2878 1699 2921 apparentiam,
1725 2885 1755 2908 Β.

427 2932 438 2949 ³
463 2932 579 2971 celare,
598 2941 630 2963 Α.
699 2933 710 2950 ⁴
735 2933 927 2975 philosophi
945 2932 1050 2974 hujus,
1069 2940 1098 2964 Β.
1168 2932 1180 2950 ⁵
1203 2932 1342 2970 virtutis,
1361 2940 1392 2962 A.
1482 2932 1494 2950 ⁶
1515 2941 1577 2962 om.
1595 2930 1710 2969 forent,
1729 2939 1755 2960 Β.
