2018 3401
655 323 719 354 DE
752 323 946 356 OFFICIO
978 324 1134 356 REGIS.
1760 326 1841 372 255

237 434 422 465 mentum.
500 426 623 466 Racio
662 428 789 477 itaque
835 429 1021 478 scripture
1069 427 1276 467 concordie
1324 434 1361 466 et
1408 436 1566 467 eventus

237 498 399 536 ecclesie
428 497 641 536 edisserunt
670 498 786 536 istum
815 510 972 536 sensum
987 511 997 545 ;
1027 498 1098 546 vel,
1119 499 1150 537 si
1181 511 1274 544 non,
1295 511 1496 549 quererem
1516 501 1566 537 ab

236 567 454 606 adversario
502 569 743 618 ponderante
782 569 933 618 singula
970 570 1087 607 verba
1124 569 1235 607 huius
1273 576 1401 608 textus
1448 570 1565 608 divini

238 650 355 688 quam
387 639 677 689 exposicionem
708 639 831 677 eliciet
860 640 984 688 magis
1014 646 1171 687 rectam,
1203 641 1294 690 quia
1329 647 1475 678 certum
1509 647 1566 679 est

205 718 222 750 5
238 708 343 759 quod
362 709 431 748 iste
452 716 508 747 est
528 722 663 747 sensus
692 709 902 748 catholicus
923 717 960 748 et
980 710 1175 760 pertinens
1205 711 1317 749 statui
1346 718 1383 749 et
1407 711 1565 749 emend-

19 782 73 812 Μ·
236 780 363 817 acioni
396 780 567 818 ecclesie.
625 779 740 817 Unde
770 781 867 818 inter
895 780 970 818 alia
998 781 1108 830 signa
1134 781 1391 831 profundioris
1420 781 1564 820 heresis
1579 792 1605 818 12
1619 792 1742 825 isasign
1755 792 1844 820 osthe

235 856 272 887 et
311 849 483 888 defectus
519 850 602 900 spei
635 851 675 888 in
706 851 877 900 prescitis
917 857 974 889 est
1007 851 1113 901 quod
1152 852 1275 890 clerus
1310 860 1563 890 remurmuret
1576 826 1808 892 ῗῑῖῗῖῐὲῗὲῗιγὴὲίῑ

1577 893 1644 925 they
1655 902 1777 918 murmur

236 927 372 958 contra
410 920 633 970 detegentes
672 933 830 959 sensum
870 922 1054 971 scripture
1093 922 1198 960 iuxta
1245 934 1360 972 quem
1409 935 1563 960 sensum
1576 926 1810 992 Zeffgqsatyffnggsse

236 991 353 1028 vitam
382 1003 491 1028 suam
511 992 695 1029 viciosam
725 992 971 1041 corrigerent,
992 999 1033 1030 ut
1062 993 1229 1031 ostendit
1249 993 1497 1031 Bernhardus
1526 994 1564 1030 in
1578 993 1763 1058 {¹251}ssssssssssss
1773 1025 1846 1053 their

186 1075 228 1099 10
242 1061 415 1111 quodam
435 1074 614 1100 sermone
635 1068 671 1099 et
691 1063 847 1111 ponitur
865 1070 910 1100 x0
930 1063 1079 1101 feorum
1095 1063 1118 1102 ¹.
1180 1063 1288 1110 Cum,
1308 1064 1441 1113 inquit,
1467 1077 1565 1101 nemo
1578 1060 1696 1093 ‘eP‘00fi

237 1134 309 1169 scit
326 1145 376 1169 an
396 1145 519 1169 amore
538 1132 596 1170 vel
612 1133 691 1169 odz'o
712 1133 849 1182 dzgnus
871 1135 930 1180 sil,
951 1135 1032 1183 spei
1044 1134 1194 1183 fiducia
1214 1147 1295 1171 cum
1316 1135 1408 1172 bona
1428 1135 1565 1172 consci-

236 1205 338 1240 encz'a
369 1216 419 1241 ex
449 1205 556 1241 rectis
581 1204 748 1252 operibus
777 1209 811 1241 el
829 1204 948 1254 firmo
978 1209 1104 1242 sancto
1123 1206 1314 1254 proposito
1344 1205 1566 1243 consolatur,

235 1272 351 1311 Unde
372 1273 460 1311 data
480 1280 569 1311 sunt
588 1274 756 1323 quedam
782 1275 892 1323 signa
912 1282 950 1312 et
969 1275 1170 1313 manifesta
1190 1275 1321 1313 salutis
1342 1275 1480 1313 iudicia
1499 1287 1567 1325 per

17 1340 64 1371 52
80 1340 117 1371 b.
235 1356 311 1393 que
331 1344 580 1381 indubitabile
610 1345 656 1382 sit
685 1357 776 1382 eum
805 1357 889 1383 esse
911 1344 930 1365 *
953 1345 1000 1383 de
1029 1358 1193 1383 numero
1223 1346 1506 1391 salvandorum,
1526 1346 1566 1383 in

185 1417 222 1450 15
237 1426 314 1464 quo
351 1414 424 1453 hec
465 1415 576 1464 signa
613 1422 916 1465 permanserunt.
979 1415 1203 1454 Maximum
1242 1423 1371 1454 autem
1411 1417 1567 1466 signum

16 1479 107 1522 J0hn
122 1479 192 1513 viii·
235 1484 474 1523 confidencie
503 1484 715 1523 electorum
744 1493 801 1524 est
831 1486 923 1524 illud
943 1487 1102 1524 verbum
1132 1486 1292 1524 Domini
1322 1486 1407 1524 Ioh.
1431 1489 1466 1533 8,
1494 1486 1572 1533 Qui

17 1531 72 1565 47·
235 1569 285 1594 ex
309 1556 374 1593 deo
401 1560 454 1593 est
480 1556 591 1593 verba
621 1557 682 1593 dei
705 1557 821 1595 audit.
881 1556 1101 1596 Nonnullos
1130 1558 1234 1595 enim
1262 1558 1316 1596 sic
1336 1558 1564 1608 plerumque
1576 1574 1619 1600 T0
1632 1574 1846 1601 heartheword

19 1631 220 1665 F01.175a.
235 1626 432 1665 audientes
470 1627 641 1665 invenies
678 1639 723 1664 ac
762 1628 793 1665 si
832 1627 947 1665 nichil
985 1628 1034 1665 ad
1073 1640 1141 1666 eos
1183 1626 1448 1677 per*tineant²
1489 1642 1562 1678 que
1575 1608 1846 1679 ἓῑξξῑὲιῖἳιῑιζὲῗέζ-

236 1697 417 1735 dicuntur
436 1709 516 1736 non
535 1698 675 1735 intrare
695 1710 760 1736 cor
780 1709 903 1744 suum,
921 1710 993 1736 nec
1014 1710 1141 1736 mores
1163 1690 1254 1737 suos
1275 1699 1471 1746 discutere,
1492 1681 1644 1738 necnon.

183 1785 225 1808 20
238 1768 405 1817 cogitare
427 1780 474 1805 ne
494 1767 588 1806 forte
609 1768 713 1818 quod
742 1768 901 1806 audiunt
930 1768 1074 1807 dictum
1095 1769 1141 1806 sit
1160 1776 1320 1819 propter
1340 1782 1408 1808 eos
1432 1783 1454 1808 a
1477 1770 1564 1817 deo,

235 1839 300 1888 qui
319 1840 477 1876 verbum
508 1851 621 1877 suum
640 1839 767 1877 vivum
796 1839 1043 1887 disseminat;
1083 1841 1177 1890 quin
1206 1841 1353 1890 pocius,
1382 1841 1412 1878 si
1441 1842 1565 1879 mani-

234 1909 330 1948 feste
351 1917 486 1947 contra
505 1909 603 1947 vicia
622 1910 684 1946 illa
704 1910 933 1959 processerit
949 1911 1088 1960 quibus
1109 1922 1149 1948 se
1171 1912 1347 1949 senciunt
1363 1912 1566 1961 obligatos,

234 1980 294 2018 vel
324 1980 564 2018 dissimulant
596 1987 632 2018 et
663 1987 840 2019 avertunt
873 1981 1007 2019 oculos
1039 1981 1166 2019 cordis
1198 1982 1266 2028 sui,
1299 1989 1364 2020 aut
1397 1982 1565 2032 qualibet

234 2050 513 2088 adinvencione
544 2051 689 2101 palient
720 2052 870 2101 peccati
901 2052 1032 2089 miseri
1059 2064 1133 2102 que
1164 2051 1347 2098 fecerunt,
1368 2053 1438 2098 vel,
1461 2052 1568 2102 quod

183 2134 222 2166 25
235 2121 445 2171 pessimum
492 2127 560 2167 est,
601 2128 734 2160 contra
782 2122 1017 2160 seminantes
1054 2123 1171 2160 verba
1219 2123 1402 2172 scripture
1444 2124 1566 2160 eciam

235 2191 427 2241 generalia
464 2192 505 2229 in
541 2192 689 2230 rabiem
726 2198 1013 2241 pervertuntur„
1079 2192 1126 2229 In
1164 2192 1247 2238 hiis,
1287 2193 1420 2242 inquit,
1456 2194 1566 2242 signa

235 2262 367 2300 salutis
399 2274 480 2299 non
509 2262 633 2300 video.
692 2261 823 2311 Magis
854 2269 981 2300 autem
1011 2274 1145 2300 vereor
1176 2263 1294 2312 quod,
1317 2264 1411 2301 sicut
1443 2263 1493 2300 illi
1525 2264 1564 2301 in

235 2333 375 2382 quibus
414 2339 502 2370 sunt
541 2333 651 2382 signa
690 2333 868 2382 opposita
906 2345 980 2382 que
1026 2332 1169 2370 habent
1217 2334 1387 2371 maxima
1435 2334 1565 2371 salutis

235 2402 384 2449 iudicia,
410 2404 464 2441 sic
485 2403 544 2441 isti
565 2409 771 2453 propterea
800 2415 880 2441 non
910 2402 1069 2440 audiunt
1089 2403 1180 2453 quia
1199 2416 1246 2440 ex
1269 2403 1341 2441 deo
1363 2415 1443 2442 non
1465 2410 1563 2441 sunt.

182 2484 223 2515 30
236 2472 354 2520 Quot,
375 2474 545 2524 inquam,
576 2480 662 2511 sunt
692 2473 807 2511 hodie
837 2473 901 2523 qui
923 2474 1081 2511 verbum
1114 2474 1297 2522 scripture
1329 2487 1408 2512 non
1438 2480 1563 2512 atten-
1575 2482 1669 2508 Those
1684 2482 1748 2509 who
1762 2482 1817 2509 will

1576 2522 1623 2542 not
1635 2516 1701 2541 hear
1714 2516 1734 2542 it
1748 2517 1830 2542 make

236 2544 331 2582 dunt
351 2544 419 2582 sed
439 2545 568 2590 seculi,
590 2550 627 2582 et
647 2543 790 2581 nedum
812 2550 998 2593 tanquam
1027 2543 1179 2581 desides
1206 2544 1333 2593 ipsum
1356 2556 1435 2582 non
1455 2545 1561 2582 audi·
1575 2549 1758 2610 ssgtsffi‘dffiy
1771 2559 1818 2576 are

235 2621 305 2652 unt
323 2614 382 2651 vel
402 2614 582 2652 locuntur
611 2614 681 2652 sed
719 2626 787 2652 eos
820 2614 885 2663 qui
916 2614 1045 2663 ipsum
1080 2614 1271 2652 seminant
1309 2623 1563 2665 expungnant

18 2679 66 2709 N.
238 2683 447 2734 sophistice
467 2684 525 2723 vel
556 2684 714 2723 cautelis
740 2683 912 2722 subdolis
933 2686 1210 2733 persecuntur?
1266 2685 1316 2722 Et
1341 2686 1495 2734 signum
1517 2698 1562 2724 ac

234 2766 352 2792 causa
390 2754 566 2792 omnium
605 2756 764 2793 istorum
804 2755 843 2791 in
882 2754 957 2792 hoc
992 2755 1206 2792 ostenditur
1244 2755 1349 2804 quod
1389 2755 1449 2793 lex
1488 2755 1562 2793 Dei

183 2825 222 2859 35
236 2830 381 2862 tantum
413 2825 699 2874 contempnitur
730 2831 766 2863 et
796 2824 900 2874 leges
932 2825 1120 2863 seculares
1141 2837 1163 2862 a
1184 2824 1258 2863 deo
1289 2827 1560 2874 approbantur.

409 2904 418 2921 ¹
442 2904 589 2936 feorum?
613 2905 677 2946 lege
693 2915 890 2945 sermonum,
908 2905 994 2937 Edd.
1127 2905 1139 2923 ²
1162 2906 1332 2946 pertineat,
1351 2914 1384 2937 Α.
