2018 3401
157 314 240 356 254
862 316 927 348 DE
959 317 1157 351 OFFICIO
1190 318 1345 353 REGIS.

432 419 602 459 conflare
635 421 783 470 gladios
815 435 900 461 suos
933 425 973 461 in
1007 436 1165 463 vomeres
1194 430 1228 462 et
1257 425 1404 462 lanceas
1438 437 1526 462 suas
1560 426 1600 462 in
1622 425 1761 476 falces.

432 490 470 528 N
473 503 516 529 ec
538 491 698 529 dubium
718 492 811 542 quin
831 493 871 530 in
891 493 1025 532 diebus
1045 495 1207 533 istorum
1223 507 1443 545 regnorum,
1465 496 1555 545 quia
1575 508 1679 534 anno
1695 502 1765 533 xv0

431 562 579 612 imperii
605 562 753 600 Tiberii
783 563 936 602 Cesaris
967 564 1115 604 Cristus
1138 564 1155 585 *
1178 566 1300 604 fuerat
1330 567 1562 613 incarnatus,
1590 572 1631 604 ut
1660 573 1763 617 patet
1778 578 1824 608 52
1842 586 1874 608 a,

432 632 537 671 Luce
558 633 627 670 iiio.
685 633 883 684 Tempore
904 641 1033 673 autem
1054 647 1189 686 regum
1210 637 1383 686 priorum
1403 637 1603 676 descendit
1623 637 1764 676 semin·
1777 647 1871 681 Luke
1887 647 1935 682 iii.
1953 656 1981 681 1.

152 712 396 747 Hewindestroy
432 704 540 741 aliter
571 704 611 741 in
631 703 830 742 Abraham
857 712 894 743 et
924 707 1059 744 ceteris
1088 707 1324 756 patriarchis.
1381 707 1466 746 Nec
1488 708 1649 746 dubium
1670 708 1763 758 quin
1777 727 1796 760 5

150 747 187 772 all
202 747 265 774 civil
278 749 334 774 and

150 782 385 849 {ffigagfssgtvissss‘
432 775 598 813 destruet
618 787 777 813 ornnem
797 776 1015 815 civilitatem
1035 783 1073 815 et
1093 779 1263 817 seculare
1284 779 1510 826 dominium,
1533 779 1624 829 quia
1645 779 1684 816 in
1704 779 1765 816 die

432 846 570 884 Iudicii
617 846 831 884 secundum
874 848 1093 897 apostolum
1132 848 1300 887 Roman.
1339 861 1389 887 xv
1427 850 1590 888 cessabit
1638 850 1765 888 omnis
1780 853 1877 885 Rom.
1896 864 1948 885 xv.

431 917 599 964 exaccio,
632 923 670 955 et
702 917 855 966 psalmo
885 917 953 955 20¹
983 919 1189 969 alloquitur
1219 920 1400 958 dominus
1432 921 1537 958 illurn
1567 906 1930 980 montem1}}]ii‚8‚
1949 949 1979 982 9·

430 989 589 1026 Postula
602 1001 625 1025 a
639 1000 692 1025 me
710 992 745 1025 el
760 988 851 1026 dabo
871 989 943 1026 lz'bz’
951 994 1076 1039 genles
1091 990 1322 1028 hereditatem
1342 995 1376 1028 el
1382 992 1641 1041 possessionem
1662 996 1764 1028 luam

429 1061 603 1097 terminos
636 1064 742 1096 terre.
798 1059 922 1109 Reges
953 1073 1009 1098 eos
1041 1062 1081 1098 z'n
1115 1062 1230 1110 virga
1254 1062 1393 1111 firrea
1427 1066 1461 1099 et
1487 1066 1664 1111 lanquam
1694 1074 1763 1100 vas
1779 1077 1819 1100 10

418 1127 544 1180 figrulz‘
559 1130 774 1181 confringes
792 1143 859 1168 eos.
916 1130 1066 1170 Notum
1093 1132 1252 1181 quidem
1272 1139 1329 1170 est
1349 1144 1397 1169 ex
1417 1132 1630 1182 ewangelio
1656 1132 1763 1183 quod

430 1201 607 1239 Christus
623 1200 636 1220 ²
656 1213 820 1251 regnum
848 1201 1017 1240 seculare
1039 1202 1076 1239 in
1097 1215 1267 1252 persona
1287 1215 1356 1241 sua
1384 1204 1520 1250 renuit,
1542 1203 1618 1241 suis
1649 1215 1762 1253 apos-

428 1272 515 1310 tolis
544 1273 748 1319 interdixit,
778 1279 815 1311 et
847 1273 896 1310 ad
928 1279 1083 1323 tempus
1112 1274 1151 1310 in
1182 1274 1392 1323 religione³
1423 1286 1492 1312 sua
1521 1275 1559 1312 in
1589 1274 1763 1312 inferior-

149 1348 355 1410 Ξῇἷεὲηῇιὲοῐιὲ
429 1343 514 1381 ibus
548 1343 787 1393 approbavit.
845 1343 954 1391 Ideo,
988 1351 1030 1382 ut
1068 1344 1158 1382 dicit
1196 1344 1396 1395 propheta,
1436 1357 1600 1394 regnum
1635 1344 1817 1392 Cristi,L.

148 1417 213 1444 end.
430 1413 537 1463 quod
557 1426 648 1464 sepe
668 1414 709 1451 in
728 1414 940 1463 ewangelio
960 1421 1120 1453 vocatur
1140 1428 1304 1465 regnum
1324 1416 1507 1463 celorum,
1528 1417 1568 1453 in
1588 1423 1761 1454 eternum
1778 1426 1816 1460 15

428 1497 510 1522 non
540 1485 794 1534 dissipabitur,
821 1497 910 1524 cum
931 1485 1036 1523 Luce
1057 1486 1110 1523 i04
1137 1492 1295 1524 testatur
1324 1486 1484 1536 angelus
1518 1487 1623 1536 quod
1654 1489 1867 1536 regnz‘Luke
1886 1490 1907 1522 i.
1926 1499 1976 1531 33.

428 1556 505 1592 eius
535 1568 607 1592 non
636 1557 709 1593 erit
723 1556 833 1605 finis.
890 1555 1119 1594 Dominium
1140 1556 1243 1594 enirn
1264 1557 1371 1606 quod
1391 1556 1457 1594 filii
1479 1557 1540 1594 dei
1559 1557 1703 1595 habent
1723 1564 1761 1596 et

428 1631 613 1675 appetunt
650 1626 712 1664 hic
750 1627 790 1663 in
828 1627 888 1664 via
925 1628 1097 1665 manebit
1134 1634 1318 1677 perpetue
1356 1635 1443 1678 post
1482 1628 1583 1666 diem
1622 1628 1759 1666 iudicii.

148 1705 223 1732 That
236 1704 372 1738 kingdom
430 1696 549 1742 Quod
570 1697 727 1746 quidem
742 1697 959 1735 dominium
979 1703 1132 1747 oportet
1148 1710 1307 1736 omnem
1328 1698 1540 1736 secularem
1557 1699 1760 1736 dominum

148 1740 249 1765 should
261 1740 294 1765 be
308 1740 355 1766 the

148 1773 336 1839 Zssfflyogrssss}
427 1766 569 1804 habere
598 1767 648 1804 ad
677 1768 966 1806 rectificandum
996 1780 1108 1807 suum
1139 1769 1246 1807 civile
1274 1769 1500 1816 dominium,
1532 1775 1570 1807 et
1597 1782 1692 1819 pure
1721 1769 1759 1806 in
1774 1783 1816 1805 20

2002 1804 2018 1871 ιρν

427 1838 563 1875 mortis
592 1838 773 1885 articulo;
805 1839 894 1889 quia
923 1851 1086 1889 regnum
1113 1840 1217 1886 illud,
1246 1846 1287 1877 ut
1315 1840 1405 1878 dicit
1431 1840 1630 1889 propheta,
1651 1841 1765 1877 alteri

420 1909 557 1958 populo
575 1922 647 1946 non
676 1910 857 1948 tradetur.
915 1909 1105 1948 Narratur
1132 1917 1263 1948 autem
1289 1911 1395 1960 quod
1415 1911 1564 1949 Cristus
1598 1923 1758 1949 comen-

147 1989 210 2015 The
221 1988 303 2014 order
315 1988 403 2015 ofthe
428 1979 519 2017 det⁵
541 1979 612 2018 hec
634 1980 804 2030 quinque
829 1980 1001 2018 dominia
1033 1981 1248 2018 secundum
1283 1982 1459 2019 ordinem
1495 1993 1671 2020 eversum
1705 1982 1758 2019 illi

145 2023 362 2094 §ggrggfflffls
426 2050 550 2088 ordini
571 2061 648 2100 quo
669 2050 889 2097 succedunt,
915 2051 1005 2100 quia
1032 2052 1071 2088 in
1091 2064 1272 2101 processu
1301 2052 1483 2102 temporis
1504 2052 1590 2101 plus
1611 2051 1756 2090 declin-

146 2090 226 2150 ἶιίἓῐῗό
229 2098 248 2122 y
264 2090 413 2116 detenora-
425 2121 529 2159 ando
562 2133 585 2158 a
617 2121 692 2159 vita
725 2121 953 2159 innocencie
988 2121 1074 2171 plus
1109 2122 1301 2160 declinant
1332 2122 1381 2160 ad
1415 2123 1756 2161 conversacionem
1772 2135 1811 2167 ²5

424 2198 652 2230 terrestrem.
710 2192 804 2230 Ideo
825 2198 978 2242 oportet
997 2193 1104 2242 quod
1125 2193 1340 2231 destruccio
1361 2194 1519 2243 incipiat
1539 2206 1561 2231 a
1581 2193 1758 2231 domina-

423 2263 536 2300 cione
557 2268 677 2300 testea
698 2275 788 2301 cum
808 2263 854 2300 sit
875 2264 1002 2301 minus
1034 2263 1238 2302 fundabilis
1259 2271 1296 2302 et
1316 2265 1482 2314 amplius
1502 2271 1758 2303 monstruosa.

425 2333 612 2379 Quamvis
633 2340 763 2371 autem
792 2334 897 2383 prius
918 2334 1108 2372 destructe
1139 2341 1225 2372 sunt
1255 2341 1330 2373 tres
1359 2335 1593 2381 monarchie,
1613 2336 1757 2385 priores

423 2411 555 2441 tamen
602 2404 709 2442 modi
756 2404 984 2442 dominandi
1031 2405 1071 2441 in
1129 2405 1429 2455 religiosioribus
1476 2413 1756 2444 remanserunt.

425 2474 545 2511 Istam
575 2481 704 2511 autem
734 2475 972 2512 sentenciam
1001 2481 1188 2514 testantur
1217 2476 1341 2514 sancti
1370 2476 1560 2522 doctores,
1583 2489 1654 2514 nec
1681 2475 1754 2513 vidi
1768 2485 1810 2517 30

424 2544 622 2582 doctorem
661 2545 776 2582 alium
815 2545 976 2583 latinum
1014 2546 1073 2584 vel
1111 2546 1298 2585 hebreum
1346 2547 1411 2596 qui
1458 2547 1679 2595 signancius
1717 2553 1754 2585 et

423 2615 679 2664 particulatim
695 2616 907 2654 secundum
929 2617 1068 2655 seriem
1083 2617 1288 2655 verborum
1308 2618 1467 2667 exponit
1487 2617 1590 2655 hunc
1606 2623 1753 2656 textum

144 2698 216 2724 This
229 2698 276 2724 the
289 2703 350 2725 true
424 2686 702 2735 propheticum.
759 2686 823 2724 Ad
842 2699 999 2725 sensum
1020 2694 1150 2725 tamen
1170 2689 1251 2725 eius
1272 2687 1451 2726 doctores
1473 2688 1592 2726 nostri
1614 2687 1754 2726 debent

145 2740 225 2757 sense
241 2733 272 2758 os
282 2732 329 2759 the

144 2766 297 2798 prophecy.
424 2756 622 2794 intendere
651 2769 740 2795 cum
770 2757 840 2795 fuit
864 2758 1138 2797 miraculosum
1167 2765 1205 2796 et
1224 2758 1334 2797 valde
1359 2759 1487 2797 nobile
1516 2758 1603 2797 fidei
1624 2770 1752 2797 sacra-

468 2854 477 2871 ¹
498 2859 541 2889 2⁰,
556 2864 617 2886 om.
636 2862 668 2885 Α.
759 2853 771 2871 ²
792 2855 953 2893 Christus,
970 2866 1029 2887 om.
1049 2864 1082 2887 Α.
1173 2856 1184 2873 ⁸
1209 2856 1351 2896 regione,
1369 2865 1402 2888 Α.
1494 2856 1504 2873 ⁴
1521 2861 1567 2896 κθ,
1587 2864 1630 2895 Α;
1659 2861 1702 2891 1⁰,
1720 2862 1750 2886 Β.

456 2905 641 2946 emineret,
659 2914 702 2945 Α;
727 2906 910 2946 comendet,
928 2914 958 2940 B.
