<?xml version="1.0" encoding="UTF-8"?>
<!DOCTYPE html PUBLIC "-//W3C//DTD XHTML 1.0 Transitional//EN"
    "http://www.w3.org/TR/xhtml1/DTD/xhtml1-transitional.dtd">
<html xmlns="http://www.w3.org/1999/xhtml" xml:lang="en" lang="en">
 <head>
  <title>
</title>
<meta http-equiv="Content-Type" content="text/html;charset=utf-8" />
  <meta name='ocr-system' content='tesseract 3.04.00' />
  <meta name='ocr-capabilities' content='ocr_page ocr_carea ocr_par ocr_line ocrx_word'/>
</head>
<body>
  <div class='ocr_page' id='page_1' title='image "./iohanniswycliftr08wycl/iohanniswycliftr08wycl_0277.png"; bbox 0 0 2018 3401; ppageno 0'>
   <div class='ocr_carea' id='block_1_1' title="bbox 678 339 1857 382">
    <p class='ocr_par' dir='ltr' id='par_1_1' title="bbox 678 339 1857 382">
     <span class='ocr_line' id='line_1_1' title="bbox 678 339 1857 382; baseline 0.001 -11"><span class='ocrx_word' id='word_1_1' title='bbox 678 339 742 371; x_wconf 86' lang='lat' dir='ltr'>DE</span> <span class='ocrx_word' id='word_1_2' title='bbox 774 341 966 374; x_wconf 85' lang='lat' dir='ltr'>OFFICIO</span> <span class='ocrx_word' id='word_1_3' title='bbox 999 341 1153 374; x_wconf 83' lang='lat' dir='ltr'>REGIS.</span> <span class='ocrx_word' id='word_1_4' title='bbox 1783 344 1857 382; x_wconf 83' lang='lat'>241</span> 
     </span>
    </p>
   </div>
   <div class='ocr_carea' id='block_1_2' title="bbox 36 442 1861 1269">
    <p class='ocr_par' dir='ltr' id='par_1_2' title="bbox 36 442 1861 1269">
     <span class='ocr_line' id='line_1_2' title="bbox 262 442 1579 496; baseline 0.002 -17"><span class='ocrx_word' id='word_1_5' title='bbox 262 442 362 480; x_wconf 78' lang='lat' dir='ltr'><em>vobis</em></span> <span class='ocrx_word' id='word_1_6' title='bbox 382 456 423 481; x_wconf 80' lang='lat' dir='ltr'>ne</span> <span class='ocrx_word' id='word_1_7' title='bbox 441 444 610 482; x_wconf 68' lang='lat' dir='ltr'>doceretis</span> <span class='ocrx_word' id='word_1_8' title='bbox 627 446 665 482; x_wconf 76' lang='lat' dir='ltr'>in</span> <span class='ocrx_word' id='word_1_9' title='bbox 681 448 822 483; x_wconf 79' lang='lat' dir='ltr'>nomine</span> <span class='ocrx_word' id='word_1_10' title='bbox 841 448 918 491; x_wconf 77' lang='lat' dir='ltr'>islo,</span> <span class='ocrx_word' id='word_1_11' title='bbox 941 447 993 483; x_wconf 84' lang='lat' dir='ltr'>ait</span> <span class='ocrx_word' id='word_1_12' title='bbox 1012 447 1063 483; x_wconf 90' lang='lat' dir='ltr'>illi</span> <span class='ocrx_word' id='word_1_13' title='bbox 1085 454 1213 496; x_wconf 80' lang='lat' dir='ltr'>petrus</span> <span class='ocrx_word' id='word_1_14' title='bbox 1230 452 1267 484; x_wconf 90' lang='lat' dir='ltr'>et</span> <span class='ocrx_word' id='word_1_15' title='bbox 1288 446 1401 484; x_wconf 86' lang='lat' dir='ltr'>ceteri</span> <span class='ocrx_word' id='word_1_16' title='bbox 1419 447 1579 496; x_wconf 77' lang='lat' dir='ltr'>apostoli</span> 
     </span>
     <span class='ocr_line' id='line_1_3' title="bbox 257 514 1581 566; baseline 0.002 -16"><span class='ocrx_word' id='word_1_17' title='bbox 257 514 491 562; x_wconf 82' lang='lat' dir='ltr'>pertinenter</span> <span class='ocrx_word' id='word_1_18' title='bbox 511 515 562 552; x_wconf 92' lang='lat' dir='ltr'>illi</span> <span class='ocrx_word' id='word_1_19' title='bbox 585 516 889 565; x_wconf 87' lang='lat' dir='ltr'>responderunt¹</span> <span class='ocrx_word' id='word_1_20' title='bbox 915 516 1068 554; x_wconf 76' lang='lat' dir='ltr'>Obedz&#39;re</span> <span class='ocrx_word' id='word_1_21' title='bbox 1087 521 1222 566; x_wconf 77' lang='lat' dir='ltr'>oporlet</span> <span class='ocrx_word' id='word_1_22' title='bbox 1235 515 1313 553; x_wconf 81' lang='lat' dir='ltr'>Deo</span> <span class='ocrx_word' id='word_1_23' title='bbox 1330 518 1451 565; x_wconf 72' lang='lat' dir='ltr'>magss</span> <span class='ocrx_word' id='word_1_24' title='bbox 1471 530 1581 565; x_wconf 77' lang='lat' dir='ltr'>quam</span> 
     </span>
     <span class='ocr_line' id='line_1_4' title="bbox 257 583 1582 637; baseline 0.004 -17"><span class='ocrx_word' id='word_1_25' title='bbox 257 583 464 622; x_wconf 75' lang='lat' dir='ltr'>hominibus</span> <span class='ocrx_word' id='word_1_26' title='bbox 479 598 488 631; x_wconf 85' lang='lat'>;</span> <span class='ocrx_word' id='word_1_27' title='bbox 519 586 625 635; x_wconf 92' lang='lat' dir='ltr'>quod</span> <span class='ocrx_word' id='word_1_28' title='bbox 652 587 795 624; x_wconf 85' lang='lat' dir='ltr'>dictum</span> <span class='ocrx_word' id='word_1_29' title='bbox 822 588 952 625; x_wconf 87' lang='lat' dir='ltr'>fuisset</span> <span class='ocrx_word' id='word_1_30' title='bbox 972 587 1079 625; x_wconf 87' lang='lat' dir='ltr'>valde</span> <span class='ocrx_word' id='word_1_31' title='bbox 1100 588 1353 637; x_wconf 86' lang='lat' dir='ltr'>impertinens</span> <span class='ocrx_word' id='word_1_32' title='bbox 1374 588 1445 625; x_wconf 88' lang='lat' dir='ltr'>nisi</span> <span class='ocrx_word' id='word_1_33' title='bbox 1466 600 1582 636; x_wconf 91' lang='lat' dir='ltr'>opor-</span> 
     </span>
     <span class='ocr_line' id='line_1_5' title="bbox 257 654 1583 707; baseline 0.003 -16"><span class='ocrx_word' id='word_1_34' title='bbox 257 654 390 692; x_wconf 89' lang='lat' dir='ltr'>tuisset</span> <span class='ocrx_word' id='word_1_35' title='bbox 428 655 585 693; x_wconf 90' lang='lat' dir='ltr'>Petrum</span> <span class='ocrx_word' id='word_1_36' title='bbox 619 663 656 695; x_wconf 92' lang='lat' dir='ltr'>et</span> <span class='ocrx_word' id='word_1_37' title='bbox 687 664 836 695; x_wconf 89' lang='lat' dir='ltr'>ceteros</span> <span class='ocrx_word' id='word_1_38' title='bbox 870 659 1066 707; x_wconf 85' lang='lat' dir='ltr'>apostolos</span> <span class='ocrx_word' id='word_1_39' title='bbox 1101 659 1258 696; x_wconf 90' lang='lat' dir='ltr'>obedire</span> <span class='ocrx_word' id='word_1_40' title='bbox 1289 658 1511 697; x_wconf 87' lang='lat' dir='ltr'>hominibus</span> <span class='ocrx_word' id='word_1_41' title='bbox 1545 665 1583 695; x_wconf 91' lang='lat' dir='ltr'>et</span> 
     </span>
     <span class='ocr_line' id='line_1_6' title="bbox 225 725 1582 776; baseline 0.003 -15"><span class='ocrx_word' id='word_1_42' title='bbox 225 733 243 766; x_wconf 89' lang='lat'>5</span> <span class='ocrx_word' id='word_1_43' title='bbox 259 725 469 774; x_wconf 81' lang='lat' dir='ltr'>specialiter</span> <span class='ocrx_word' id='word_1_44' title='bbox 489 727 579 776; x_wconf 87' lang='lat' dir='ltr'>regi,</span> <span class='ocrx_word' id='word_1_45' title='bbox 602 727 662 764; x_wconf 90' lang='lat' dir='ltr'>cui</span> <span class='ocrx_word' id='word_1_46' title='bbox 688 728 860 765; x_wconf 88' lang='lat' dir='ltr'>resistere</span> <span class='ocrx_word' id='word_1_47' title='bbox 884 741 964 766; x_wconf 90' lang='lat' dir='ltr'>non</span> <span class='ocrx_word' id='word_1_48' title='bbox 990 728 1220 774; x_wconf 89' lang='lat' dir='ltr'>obediendo,</span> <span class='ocrx_word' id='word_1_49' title='bbox 1242 741 1329 766; x_wconf 91' lang='lat' dir='ltr'>cum</span> <span class='ocrx_word' id='word_1_50' title='bbox 1357 728 1402 765; x_wconf 90' lang='lat' dir='ltr'>sit</span> <span class='ocrx_word' id='word_1_51' title='bbox 1421 729 1582 766; x_wconf 87' lang='lat' dir='ltr'>vicarius</span> 
     </span>
     <span class='ocr_line' id='line_1_7' title="bbox 257 794 1580 848; baseline 0.004 -17"><span class='ocrx_word' id='word_1_52' title='bbox 257 794 330 841; x_wconf 87' lang='lat' dir='ltr'>dei,</span> <span class='ocrx_word' id='word_1_53' title='bbox 352 795 499 834; x_wconf 90' lang='lat' dir='ltr'>habens</span> <span class='ocrx_word' id='word_1_54' title='bbox 519 798 567 834; x_wconf 93' lang='lat' dir='ltr'>ab</span> <span class='ocrx_word' id='word_1_55' title='bbox 587 810 634 835; x_wconf 92' lang='lat' dir='ltr'>eo</span> <span class='ocrx_word' id='word_1_56' title='bbox 653 805 883 847; x_wconf 87' lang='lat' dir='ltr'>potestatem</span> <span class='ocrx_word' id='word_1_57' title='bbox 903 805 943 836; x_wconf 90' lang='lat' dir='ltr'>ut</span> <span class='ocrx_word' id='word_1_58' title='bbox 965 799 1035 836; x_wconf 88' lang='lat' dir='ltr'>sibi</span> <span class='ocrx_word' id='word_1_59' title='bbox 1056 806 1240 848; x_wconf 83' lang='lat' dir='ltr'>tanquam</span> <span class='ocrx_word' id='word_1_60' title='bbox 1261 799 1347 837; x_wconf 92' lang='lat' dir='ltr'>Deo</span> <span class='ocrx_word' id='word_1_61' title='bbox 1368 799 1580 845; x_wconf 81' lang='lat' dir='ltr'>obediatur,</span> 
     </span>
     <span class='ocr_line' id='line_1_8' title="bbox 256 864 1861 944; baseline 0.004 -43"><span class='ocrx_word' id='word_1_62' title='bbox 256 864 355 902; x_wconf 87' lang='lat' dir='ltr'>foret</span> <span class='ocrx_word' id='word_1_63' title='bbox 389 867 534 915; x_wconf 88' lang='lat' dir='ltr'>spiritui</span> <span class='ocrx_word' id='word_1_64' title='bbox 567 874 702 906; x_wconf 90' lang='lat' dir='ltr'>sancto</span> <span class='ocrx_word' id='word_1_65' title='bbox 733 869 918 907; x_wconf 90' lang='lat' dir='ltr'>resistere.</span> <span class='ocrx_word' id='word_1_66' title='bbox 975 870 1021 907; x_wconf 92' lang='lat' dir='ltr'>In</span> <span class='ocrx_word' id='word_1_67' title='bbox 1056 870 1283 908; x_wconf 83' lang='lat' dir='ltr'>obediencia</span> <span class='ocrx_word' id='word_1_68' title='bbox 1315 870 1443 920; x_wconf 88' lang='lat' dir='ltr'>itaque</span> <span class='ocrx_word' id='word_1_69' title='bbox 1478 871 1581 920; x_wconf 82' lang='lat' dir='ltr'>prin·</span> <span class='ocrx_word' id='word_1_70' title='bbox 1595 878 1861 944; x_wconf 40' lang='lat' dir='ltr'>ssnegtgetgffigztt}</span> 
     </span>
     <span class='ocr_line' id='line_1_9' title="bbox 254 934 1833 990; baseline 0.003 -17"><span class='ocrx_word' id='word_1_71' title='bbox 254 935 401 984; x_wconf 87' lang='lat' dir='ltr'>cipibus</span> <span class='ocrx_word' id='word_1_72' title='bbox 422 937 538 974; x_wconf 90' lang='lat' dir='ltr'>seculi</span> <span class='ocrx_word' id='word_1_73' title='bbox 555 944 627 976; x_wconf 86' lang='lat' dir='ltr'>stat</span> <span class='ocrx_word' id='word_1_74' title='bbox 647 940 826 976; x_wconf 89' lang='lat' dir='ltr'>meritum</span> <span class='ocrx_word' id='word_1_75' title='bbox 854 940 986 989; x_wconf 87' lang='lat' dir='ltr'>prelati</span> <span class='ocrx_word' id='word_1_76' title='bbox 1006 941 1218 990; x_wconf 86' lang='lat' dir='ltr'>apostolici,</span> <span class='ocrx_word' id='word_1_77' title='bbox 1240 940 1343 978; x_wconf 92' lang='lat' dir='ltr'>unde</span> <span class='ocrx_word' id='word_1_78' title='bbox 1364 940 1582 979; x_wconf 80' lang='lat' dir='ltr'>sacerdotes</span> <span class='ocrx_word' id='word_1_79' title='bbox 1594 945 1703 978; x_wconf 60' lang='lat' dir='ltr'>obes-ed</span> <span class='ocrx_word' id='word_1_80' title='bbox 1716 934 1833 978; x_wconf 67' lang='lat' dir='ltr'>Joshu&#39;a.</span> 
     </span>
     <span class='ocr_line' id='line_1_10' title="bbox 36 1006 1582 1060; baseline 0.005 -19"><span class='ocrx_word' id='word_1_81' title='bbox 36 1008 129 1060; x_wconf 81' lang='lat' dir='ltr'>Josh.</span> <span class='ocrx_word' id='word_1_82' title='bbox 145 1009 166 1050; x_wconf 88' lang='lat' dir='ltr'>i,</span> <span class='ocrx_word' id='word_1_83' title='bbox 179 1009 226 1050; x_wconf 86' lang='lat' dir='ltr'>iii,</span> <span class='ocrx_word' id='word_1_84' title='bbox 255 1006 350 1055; x_wconf 87' lang='lat' dir='ltr'>legis</span> <span class='ocrx_word' id='word_1_85' title='bbox 381 1008 516 1046; x_wconf 89' lang='lat' dir='ltr'>veteris</span> <span class='ocrx_word' id='word_1_86' title='bbox 554 1009 784 1048; x_wconf 91' lang='lat' dir='ltr'>obedierunt</span> <span class='ocrx_word' id='word_1_87' title='bbox 822 1011 948 1057; x_wconf 87' lang='lat' dir='ltr'>Iosue,</span> <span class='ocrx_word' id='word_1_88' title='bbox 982 1018 1022 1049; x_wconf 93' lang='lat' dir='ltr'>ut</span> <span class='ocrx_word' id='word_1_89' title='bbox 1055 1018 1157 1060; x_wconf 84' lang='lat' dir='ltr'>patet</span> <span class='ocrx_word' id='word_1_90' title='bbox 1186 1011 1263 1048; x_wconf 87' lang='lat' dir='ltr'>Ios.</span> <span class='ocrx_word' id='word_1_91' title='bbox 1299 1017 1351 1057; x_wconf 83' lang='lat'>10,</span> <span class='ocrx_word' id='word_1_92' title='bbox 1384 1019 1439 1060; x_wconf 84' lang='lat'>30,</span> <span class='ocrx_word' id='word_1_93' title='bbox 1469 1018 1505 1049; x_wconf 90' lang='lat' dir='ltr'>et</span> <span class='ocrx_word' id='word_1_94' title='bbox 1538 1018 1582 1058; x_wconf 86' lang='lat'>40</span> 
     </span>
     <span class='ocr_line' id='line_1_11' title="bbox 36 1064 1579 1131; baseline 0.004 -18"><span class='ocrx_word' id='word_1_95' title='bbox 36 1064 218 1128; x_wconf 39' lang='lat' dir='ltr'>{fam-xiii·</span> <span class='ocrx_word' id='word_1_96' title='bbox 255 1076 338 1125; x_wconf 72' lang='lat' dir='ltr'>cai³‚</span> <span class='ocrx_word' id='word_1_97' title='bbox 372 1084 410 1115; x_wconf 92' lang='lat' dir='ltr'>et</span> <span class='ocrx_word' id='word_1_98' title='bbox 440 1084 571 1116; x_wconf 86' lang='lat' dir='ltr'>tamen</span> <span class='ocrx_word' id='word_1_99' title='bbox 603 1081 683 1129; x_wconf 88' lang='lat' dir='ltr'>ipse</span> <span class='ocrx_word' id='word_1_100' title='bbox 718 1080 787 1118; x_wconf 88' lang='lat' dir='ltr'>fuit</span> <span class='ocrx_word' id='word_1_101' title='bbox 818 1082 864 1119; x_wconf 90' lang='lat' dir='ltr'>de</span> <span class='ocrx_word' id='word_1_102' title='bbox 897 1082 998 1119; x_wconf 91' lang='lat' dir='ltr'>tribu</span> <span class='ocrx_word' id='word_1_103' title='bbox 1033 1082 1216 1131; x_wconf 85' lang='lat' dir='ltr'>Effraym,</span> <span class='ocrx_word' id='word_1_104' title='bbox 1249 1088 1290 1119; x_wconf 89' lang='lat' dir='ltr'>ut</span> <span class='ocrx_word' id='word_1_105' title='bbox 1323 1089 1428 1131; x_wconf 87' lang='lat' dir='ltr'>patet</span> <span class='ocrx_word' id='word_1_106' title='bbox 1461 1082 1579 1120; x_wconf 88' lang='lat' dir='ltr'>Num.</span> 
     </span>
     <span class='ocr_line' id='line_1_12' title="bbox 37 1140 1579 1202; baseline 0.004 -18"><span class='ocrx_word' id='word_1_107' title='bbox 37 1140 68 1170; x_wconf 90' lang='lat'>8.</span> <span class='ocrx_word' id='word_1_108' title='bbox 258 1155 337 1196; x_wconf 87' lang='lat'>130.</span> <span class='ocrx_word' id='word_1_109' title='bbox 397 1148 624 1188; x_wconf 85' lang='lat' dir='ltr'>Sacerdotes</span> <span class='ocrx_word' id='word_1_110' title='bbox 653 1158 782 1189; x_wconf 89' lang='lat' dir='ltr'>autem</span> <span class='ocrx_word' id='word_1_111' title='bbox 812 1152 908 1202; x_wconf 88' lang='lat' dir='ltr'>legis</span> <span class='ocrx_word' id='word_1_112' title='bbox 937 1153 1074 1190; x_wconf 89' lang='lat' dir='ltr'>veteris</span> <span class='ocrx_word' id='word_1_113' title='bbox 1104 1153 1228 1201; x_wconf 82' lang='lat' dir='ltr'>magis</span> <span class='ocrx_word' id='word_1_114' title='bbox 1257 1153 1499 1190; x_wconf 87' lang='lat' dir='ltr'>attenderant</span> <span class='ocrx_word' id='word_1_115' title='bbox 1531 1153 1579 1190; x_wconf 88' lang='lat' dir='ltr'>ad</span> 
     </span>
     <span class='ocr_line' id='line_1_13' title="bbox 36 1218 1781 1269; baseline 0.002 -14"><span class='ocrx_word' id='word_1_116' title='bbox 36 1218 79 1249; x_wconf 92' lang='lat'>0·</span> <span class='ocrx_word' id='word_1_117' title='bbox 253 1218 422 1258; x_wconf 90' lang='lat' dir='ltr'>honores</span> <span class='ocrx_word' id='word_1_118' title='bbox 455 1221 684 1269; x_wconf 88' lang='lat' dir='ltr'>mundanos,</span> <span class='ocrx_word' id='word_1_119' title='bbox 715 1222 783 1260; x_wconf 92' lang='lat' dir='ltr'>sed</span> <span class='ocrx_word' id='word_1_120' title='bbox 817 1223 963 1261; x_wconf 87' lang='lat' dir='ltr'>Cristus</span> <span class='ocrx_word' id='word_1_121' title='bbox 997 1224 1066 1260; x_wconf 85' lang='lat' dir='ltr'>suit</span> <span class='ocrx_word' id='word_1_122' title='bbox 1095 1223 1314 1260; x_wconf 87' lang='lat' dir='ltr'>humanitus</span> <span class='ocrx_word' id='word_1_123' title='bbox 1357 1223 1578 1261; x_wconf 89' lang='lat' dir='ltr'>humilimus</span> <span class='ocrx_word' id='word_1_124' title='bbox 1591 1232 1781 1265; x_wconf 60' lang='lat' dir='ltr'>Thirdu-‚the</span> 
     </span>
    </p>
   </div>
   <div class='ocr_carea' id='block_1_3' title="bbox 1590 1267 1851 1299">
    <p class='ocr_par' dir='ltr' id='par_1_3' title="bbox 1590 1267 1851 1299">
     <span class='ocr_line' id='line_1_14' title="bbox 1590 1267 1851 1299; baseline 0.008 -8"><span class='ocrx_word' id='word_1_125' title='bbox 1590 1267 1704 1299; x_wconf 72' lang='lat' dir='ltr'>pomiffs</span> <span class='ocrx_word' id='word_1_126' title='bbox 1717 1276 1747 1292; x_wconf 77' lang='lat' dir='ltr'>as</span> <span class='ocrx_word' id='word_1_127' title='bbox 1761 1267 1851 1293; x_wconf 83' lang='lat' dir='ltr'>vicars</span> 
     </span>
    </p>
   </div>
   <div class='ocr_carea' id='block_1_4' title="bbox 34 1293 1859 1343">
    <p class='ocr_par' dir='ltr' id='par_1_4' title="bbox 34 1293 1859 1343">
     <span class='ocr_line' id='line_1_15' title="bbox 34 1293 1859 1343; baseline 0.003 -17"><span class='ocrx_word' id='word_1_128' title='bbox 34 1294 132 1327; x_wconf 86' lang='lat' dir='ltr'>Matt.</span> <span class='ocrx_word' id='word_1_129' title='bbox 150 1295 206 1327; x_wconf 86' lang='lat' dir='ltr'>xii.</span> <span class='ocrx_word' id='word_1_130' title='bbox 252 1296 289 1328; x_wconf 91' lang='lat' dir='ltr'>et</span> <span class='ocrx_word' id='word_1_131' title='bbox 324 1303 474 1329; x_wconf 88' lang='lat' dir='ltr'>summe</span> <span class='ocrx_word' id='word_1_132' title='bbox 506 1293 703 1339; x_wconf 88' lang='lat' dir='ltr'>obediens,</span> <span class='ocrx_word' id='word_1_133' title='bbox 736 1300 778 1331; x_wconf 90' lang='lat' dir='ltr'>ut</span> <span class='ocrx_word' id='word_1_134' title='bbox 816 1300 920 1343; x_wconf 84' lang='lat' dir='ltr'>patet</span> <span class='ocrx_word' id='word_1_135' title='bbox 960 1293 1100 1332; x_wconf 81' lang='lat' dir='ltr'>Matth.</span> <span class='ocrx_word' id='word_1_136' title='bbox 1134 1294 1197 1331; x_wconf 80' lang='lat' dir='ltr'>xii.</span> <span class='ocrx_word' id='word_1_137' title='bbox 1254 1293 1305 1330; x_wconf 90' lang='lat' dir='ltr'>Et</span> <span class='ocrx_word' id='word_1_138' title='bbox 1338 1306 1385 1331; x_wconf 87' lang='lat' dir='ltr'>ex</span> <span class='ocrx_word' id='word_1_139' title='bbox 1422 1294 1501 1331; x_wconf 85' lang='lat' dir='ltr'>istis</span> <span class='ocrx_word' id='word_1_140' title='bbox 1534 1302 1578 1342; x_wconf 83' lang='lat'>30</span> <span class='ocrx_word' id='word_1_141' title='bbox 1591 1300 1790 1326; x_wconf 68' lang='lat' dir='ltr'>ofChristand</span> <span class='ocrx_word' id='word_1_142' title='bbox 1811 1301 1859 1327; x_wconf 82' lang='lat' dir='ltr'>the</span> 
     </span>
    </p>
   </div>
   <div class='ocr_carea' id='block_1_5' title="bbox 1592 1334 1807 1365">
    <p class='ocr_par' dir='ltr' id='par_1_5' title="bbox 1592 1334 1807 1365">
     <span class='ocr_line' id='line_1_16' title="bbox 1592 1334 1807 1365; baseline 0 -6"><span class='ocrx_word' id='word_1_143' title='bbox 1592 1334 1723 1365; x_wconf 73' lang='lat' dir='ltr'>Apostles</span> <span class='ocrx_word' id='word_1_144' title='bbox 1736 1343 1807 1359; x_wconf 80' lang='lat' dir='ltr'>were</span> 
     </span>
    </p>
   </div>
   <div class='ocr_carea' id='block_1_6' title="bbox 34 1339 1860 1492">
    <p class='ocr_par' dir='ltr' id='par_1_6' title="bbox 34 1339 1860 1492">
     <span class='ocr_line' id='line_1_17' title="bbox 37 1339 1816 1426; baseline 0.001 -28"><span class='ocrx_word' id='word_1_145' title='bbox 37 1339 88 1369; x_wconf 78' lang='lat'>¹8‘</span> <span class='ocrx_word' id='word_1_146' title='bbox 252 1362 423 1410; x_wconf 86' lang='lat' dir='ltr'>arguitur</span> <span class='ocrx_word' id='word_1_147' title='bbox 452 1363 557 1412; x_wconf 88' lang='lat' dir='ltr'>quod</span> <span class='ocrx_word' id='word_1_148' title='bbox 577 1364 789 1413; x_wconf 83' lang='lat' dir='ltr'>pontifices,</span> <span class='ocrx_word' id='word_1_149' title='bbox 812 1365 938 1402; x_wconf 84' lang='lat' dir='ltr'>vicarii</span> <span class='ocrx_word' id='word_1_150' title='bbox 959 1365 1072 1402; x_wconf 90' lang='lat' dir='ltr'>Cristi</span> <span class='ocrx_word' id='word_1_151' title='bbox 1099 1372 1135 1402; x_wconf 93' lang='lat' dir='ltr'>et</span> <span class='ocrx_word' id='word_1_152' title='bbox 1159 1364 1436 1414; x_wconf 90' lang='lat' dir='ltr'>apostolorum,</span> <span class='ocrx_word' id='word_1_153' title='bbox 1459 1365 1579 1402; x_wconf 90' lang='lat' dir='ltr'>debu·</span> <span class='ocrx_word' id='word_1_154' title='bbox 1592 1367 1816 1426; x_wconf 50' lang='lat' dir='ltr'>Fffss&#39;ssssssffissbey</span> 
     </span>
     <span class='ocr_line' id='line_1_18' title="bbox 34 1431 1860 1492; baseline 0.002 -22"><span class='ocrx_word' id='word_1_155' title='bbox 34 1440 116 1470; x_wconf 79' lang='lat' dir='ltr'>Fol.</span> <span class='ocrx_word' id='word_1_156' title='bbox 129 1442 192 1474; x_wconf 88' lang='lat'>171</span> <span class='ocrx_word' id='word_1_157' title='bbox 205 1449 237 1472; x_wconf 79' lang='lat' dir='ltr'>a.</span> <span class='ocrx_word' id='word_1_158' title='bbox 251 1440 361 1470; x_wconf 88' lang='lat' dir='ltr'>erunt</span> <span class='ocrx_word' id='word_1_159' title='bbox 383 1431 401 1452; x_wconf 86' lang='lat'><em>*</em></span> <span class='ocrx_word' id='word_1_160' title='bbox 423 1434 578 1472; x_wconf 91' lang='lat' dir='ltr'>obedire</span> <span class='ocrx_word' id='word_1_161' title='bbox 606 1435 741 1472; x_wconf 90' lang='lat' dir='ltr'>mundi</span> <span class='ocrx_word' id='word_1_162' title='bbox 770 1436 1007 1484; x_wconf 86' lang='lat' dir='ltr'>principibus</span> <span class='ocrx_word' id='word_1_163' title='bbox 1037 1442 1074 1473; x_wconf 88' lang='lat' dir='ltr'>et</span> <span class='ocrx_word' id='word_1_164' title='bbox 1102 1435 1283 1473; x_wconf 87' lang='lat' dir='ltr'>fecerunt.</span> <span class='ocrx_word' id='word_1_165' title='bbox 1339 1434 1576 1482; x_wconf 86' lang='lat' dir='ltr'>Debuerunt,</span> <span class='ocrx_word' id='word_1_166' title='bbox 1591 1433 1709 1492; x_wconf 42' lang='lat' dir='ltr'>{521⁰ng</span> <span class='ocrx_word' id='word_1_167' title='bbox 1722 1435 1778 1460; x_wconf 61' lang='lat' dir='ltr'>and</span> <span class='ocrx_word' id='word_1_168' title='bbox 1792 1433 1860 1466; x_wconf 65' lang='lat' dir='ltr'>‘hey</span> 
     </span>
    </p>
   </div>
   <div class='ocr_carea' id='block_1_7' title="bbox 199 1505 1834 1908">
    <p class='ocr_par' dir='ltr' id='par_1_7' title="bbox 199 1505 1834 1908">
     <span class='ocr_line' id='line_1_19' title="bbox 251 1505 1577 1555; baseline 0.001 -13"><span class='ocrx_word' id='word_1_169' title='bbox 251 1505 291 1542; x_wconf 92' lang='lat' dir='ltr'>in</span> <span class='ocrx_word' id='word_1_170' title='bbox 311 1512 500 1554; x_wconf 88' lang='lat' dir='ltr'>quantum</span> <span class='ocrx_word' id='word_1_171' title='bbox 520 1505 723 1554; x_wconf 85' lang='lat' dir='ltr'>collegium</span> <span class='ocrx_word' id='word_1_172' title='bbox 745 1506 858 1544; x_wconf 76' lang='lat' dir='ltr'>Cristi</span> <span class='ocrx_word' id='word_1_173' title='bbox 879 1512 915 1543; x_wconf 90' lang='lat' dir='ltr'>et</span> <span class='ocrx_word' id='word_1_174' title='bbox 941 1506 1208 1555; x_wconf 87' lang='lat' dir='ltr'>apostolorum</span> <span class='ocrx_word' id='word_1_175' title='bbox 1229 1506 1334 1555; x_wconf 87' lang='lat' dir='ltr'>quod</span> <span class='ocrx_word' id='word_1_176' title='bbox 1359 1506 1472 1544; x_wconf 89' lang='lat' dir='ltr'>debet</span> <span class='ocrx_word' id='word_1_177' title='bbox 1492 1519 1577 1544; x_wconf 88' lang='lat' dir='ltr'>esse</span> 
     </span>
     <span class='ocr_line' id='line_1_20' title="bbox 252 1575 1579 1625; baseline 0.001 -13"><span class='ocrx_word' id='word_1_178' title='bbox 252 1575 450 1625; x_wconf 85' lang='lat' dir='ltr'>exemplar</span> <span class='ocrx_word' id='word_1_179' title='bbox 476 1588 609 1613; x_wconf 89' lang='lat' dir='ltr'>eorum</span> <span class='ocrx_word' id='word_1_180' title='bbox 640 1577 692 1614; x_wconf 91' lang='lat' dir='ltr'>sic</span> <span class='ocrx_word' id='word_1_181' title='bbox 715 1576 865 1622; x_wconf 84' lang='lat' dir='ltr'>fecerat,</span> <span class='ocrx_word' id='word_1_182' title='bbox 887 1588 981 1625; x_wconf 90' lang='lat' dir='ltr'>ergo</span> <span class='ocrx_word' id='word_1_183' title='bbox 1010 1577 1134 1614; x_wconf 90' lang='lat' dir='ltr'>multo</span> <span class='ocrx_word' id='word_1_184' title='bbox 1161 1577 1286 1625; x_wconf 89' lang='lat' dir='ltr'>magis</span> <span class='ocrx_word' id='word_1_185' title='bbox 1311 1576 1360 1613; x_wconf 89' lang='lat' dir='ltr'>illi</span> <span class='ocrx_word' id='word_1_186' title='bbox 1388 1577 1452 1625; x_wconf 90' lang='lat' dir='ltr'>qui</span> <span class='ocrx_word' id='word_1_187' title='bbox 1474 1589 1579 1614; x_wconf 88' lang='lat' dir='ltr'>rece-</span> 
     </span>
     <span class='ocr_line' id='line_1_21' title="bbox 250 1647 1579 1696; baseline 0.002 -14"><span class='ocrx_word' id='word_1_188' title='bbox 250 1652 385 1694; x_wconf 88' lang='lat' dir='ltr'>perant</span> <span class='ocrx_word' id='word_1_189' title='bbox 423 1658 445 1683; x_wconf 89' lang='lat' dir='ltr'>a</span> <span class='ocrx_word' id='word_1_190' title='bbox 493 1647 627 1683; x_wconf 90' lang='lat' dir='ltr'>mundi</span> <span class='ocrx_word' id='word_1_191' title='bbox 669 1647 904 1696; x_wconf 89' lang='lat' dir='ltr'>principibus</span> <span class='ocrx_word' id='word_1_192' title='bbox 942 1647 1172 1685; x_wconf 79' lang='lat' dir='ltr'>elemosinas</span> <span class='ocrx_word' id='word_1_193' title='bbox 1215 1647 1413 1696; x_wconf 81' lang='lat' dir='ltr'>largiores.</span> <span class='ocrx_word' id='word_1_194' title='bbox 1470 1647 1579 1685; x_wconf 89' lang='lat' dir='ltr'>Licet</span> 
     </span>
     <span class='ocr_line' id='line_1_22' title="bbox 252 1717 1579 1767; baseline 0.002 -14"><span class='ocrx_word' id='word_1_195' title='bbox 252 1717 357 1754; x_wconf 88' lang='lat' dir='ltr'>enim</span> <span class='ocrx_word' id='word_1_196' title='bbox 377 1729 444 1766; x_wconf 90' lang='lat' dir='ltr'>per</span> <span class='ocrx_word' id='word_1_197' title='bbox 463 1717 643 1755; x_wconf 91' lang='lat' dir='ltr'>accidens</span> <span class='ocrx_word' id='word_1_198' title='bbox 663 1717 770 1766; x_wconf 88' lang='lat' dir='ltr'>ipsos</span> <span class='ocrx_word' id='word_1_199' title='bbox 791 1717 1075 1767; x_wconf 87' lang='lat' dir='ltr'>imperfecerint</span> <span class='ocrx_word' id='word_1_200' title='bbox 1095 1718 1134 1754; x_wconf 92' lang='lat' dir='ltr'>in</span> <span class='ocrx_word' id='word_1_201' title='bbox 1156 1717 1340 1763; x_wconf 88' lang='lat' dir='ltr'>dotando,</span> <span class='ocrx_word' id='word_1_202' title='bbox 1357 1718 1432 1755; x_wconf 91' lang='lat' dir='ltr'>hoc</span> <span class='ocrx_word' id='word_1_203' title='bbox 1449 1724 1579 1755; x_wconf 86' lang='lat' dir='ltr'>tamen</span> 
     </span>
     <span class='ocr_line' id='line_1_23' title="bbox 199 1787 1576 1837; baseline 0.002 -15"><span class='ocrx_word' id='word_1_204' title='bbox 199 1800 239 1821; x_wconf 85' lang='lat'>20</span> <span class='ocrx_word' id='word_1_205' title='bbox 252 1787 402 1824; x_wconf 87' lang='lat' dir='ltr'>videtur</span> <span class='ocrx_word' id='word_1_206' title='bbox 435 1787 579 1825; x_wconf 86' lang='lat' dir='ltr'>facturn</span> <span class='ocrx_word' id='word_1_207' title='bbox 610 1800 657 1825; x_wconf 88' lang='lat' dir='ltr'>ex</span> <span class='ocrx_word' id='word_1_208' title='bbox 686 1788 826 1837; x_wconf 86' lang='lat' dir='ltr'>pietate</span> <span class='ocrx_word' id='word_1_209' title='bbox 858 1800 949 1826; x_wconf 90' lang='lat' dir='ltr'>ceca</span> <span class='ocrx_word' id='word_1_210' title='bbox 982 1800 1053 1837; x_wconf 93' lang='lat' dir='ltr'>pro</span> <span class='ocrx_word' id='word_1_211' title='bbox 1088 1800 1164 1837; x_wconf 85' lang='lat' dir='ltr'>qua</span> <span class='ocrx_word' id='word_1_212' title='bbox 1198 1799 1278 1825; x_wconf 90' lang='lat' dir='ltr'>non</span> <span class='ocrx_word' id='word_1_213' title='bbox 1308 1787 1404 1826; x_wconf 88' lang='lat' dir='ltr'>foret</span> <span class='ocrx_word' id='word_1_214' title='bbox 1432 1789 1486 1826; x_wconf 88' lang='lat' dir='ltr'>eis</span> <span class='ocrx_word' id='word_1_215' title='bbox 1516 1788 1576 1826; x_wconf 87' lang='lat' dir='ltr'>lex</span> 
     </span>
     <span class='ocr_line' id='line_1_24' title="bbox 250 1858 1834 1908; baseline 0.004 -14"><span class='ocrx_word' id='word_1_216' title='bbox 250 1858 475 1896; x_wconf 90' lang='lat' dir='ltr'>obediencie</span> <span class='ocrx_word' id='word_1_217' title='bbox 507 1858 792 1907; x_wconf 84' lang='lat' dir='ltr'>disrumpenda.</span> <span class='ocrx_word' id='word_1_218' title='bbox 848 1858 964 1896; x_wconf 90' lang='lat' dir='ltr'>Unde</span> <span class='ocrx_word' id='word_1_219' title='bbox 999 1860 1184 1896; x_wconf 87' lang='lat' dir='ltr'>mirantur</span> <span class='ocrx_word' id='word_1_220' title='bbox 1222 1858 1334 1908; x_wconf 81' lang='lat' dir='ltr'>logici</span> <span class='ocrx_word' id='word_1_221' title='bbox 1373 1860 1574 1908; x_wconf 83' lang='lat' dir='ltr'>quomodo</span> <span class='ocrx_word' id='word_1_222' title='bbox 1590 1866 1689 1892; x_wconf 75' lang='lat' dir='ltr'>Hence</span> <span class='ocrx_word' id='word_1_223' title='bbox 1702 1876 1752 1893; x_wconf 81' lang='lat' dir='ltr'>our</span> <span class='ocrx_word' id='word_1_224' title='bbox 1766 1867 1834 1900; x_wconf 68' lang='lat' dir='ltr'>logi-</span> 
     </span>
    </p>
   </div>
   <div class='ocr_carea' id='block_1_8' title="bbox 1587 1900 1794 1926">
    <p class='ocr_par' dir='ltr' id='par_1_8' title="bbox 1587 1900 1794 1926">
     <span class='ocr_line' id='line_1_25' title="bbox 1587 1900 1794 1926; baseline 0.005 -1"><span class='ocrx_word' id='word_1_225' title='bbox 1587 1900 1662 1925; x_wconf 69' lang='lat' dir='ltr'>cicius</span> <span class='ocrx_word' id='word_1_226' title='bbox 1682 1902 1794 1926; x_wconf 76' lang='lat' dir='ltr'>wonder</span> 
     </span>
    </p>
   </div>
   <div class='ocr_carea' id='block_1_9' title="bbox 248 1927 1858 1978">
    <p class='ocr_par' dir='ltr' id='par_1_9' title="bbox 248 1927 1858 1978">
     <span class='ocr_line' id='line_1_26' title="bbox 248 1927 1858 1978; baseline 0.001 -13"><span class='ocrx_word' id='word_1_227' title='bbox 248 1939 396 1977; x_wconf 90' lang='lat' dir='ltr'>pauper</span> <span class='ocrx_word' id='word_1_228' title='bbox 416 1929 718 1966; x_wconf 86' lang='lat' dir='ltr'>obedienciarius</span> <span class='ocrx_word' id='word_1_229' title='bbox 739 1929 785 1966; x_wconf 92' lang='lat' dir='ltr'>de</span> <span class='ocrx_word' id='word_1_230' title='bbox 805 1935 893 1978; x_wconf 88' lang='lat' dir='ltr'>post</span> <span class='ocrx_word' id='word_1_231' title='bbox 914 1928 1075 1966; x_wconf 88' lang='lat' dir='ltr'>fetantes</span> <span class='ocrx_word' id='word_1_232' title='bbox 1095 1927 1243 1966; x_wconf 82' lang='lat' dir='ltr'>factus2</span> <span class='ocrx_word' id='word_1_233' title='bbox 1271 1942 1374 1978; x_wconf 88' lang='lat' dir='ltr'>papa</span> <span class='ocrx_word' id='word_1_234' title='bbox 1393 1930 1451 1966; x_wconf 82' lang='lat' dir='ltr'>vel</span> <span class='ocrx_word' id='word_1_235' title='bbox 1471 1930 1571 1978; x_wconf 87' lang='lat' dir='ltr'>epis-</span> <span class='ocrx_word' id='word_1_236' title='bbox 1585 1934 1659 1958; x_wconf 68' lang='lat' dir='ltr'>what</span> <span class='ocrx_word' id='word_1_237' title='bbox 1670 1943 1785 1966; x_wconf 66' lang='lat' dir='ltr'>amyone</span> <span class='ocrx_word' id='word_1_238' title='bbox 1796 1935 1858 1961; x_wconf 82' lang='lat' dir='ltr'>who</span> 
     </span>
    </p>
   </div>
   <div class='ocr_carea' id='block_1_10' title="bbox 1585 1967 1789 1992">
    <p class='ocr_par' dir='ltr' id='par_1_10' title="bbox 1585 1967 1789 1992">
     <span class='ocr_line' id='line_1_27' title="bbox 1585 1967 1789 1992; baseline 0.005 -1"><span class='ocrx_word' id='word_1_239' title='bbox 1585 1967 1635 1992; x_wconf 75' lang='lat' dir='ltr'>has</span> <span class='ocrx_word' id='word_1_240' title='bbox 1645 1968 1728 1992; x_wconf 76' lang='lat' dir='ltr'>taken</span> <span class='ocrx_word' id='word_1_241' title='bbox 1742 1967 1789 1992; x_wconf 82' lang='lat' dir='ltr'>the</span> 
     </span>
    </p>
   </div>
   <div class='ocr_carea' id='block_1_11' title="bbox 249 1999 1857 2060">
    <p class='ocr_par' dir='ltr' id='par_1_11' title="bbox 249 1999 1857 2060">
     <span class='ocr_line' id='line_1_28' title="bbox 249 1999 1857 2060; baseline 0.001 -25"><span class='ocrx_word' id='word_1_242' title='bbox 249 2010 371 2047; x_wconf 86' lang='lat' dir='ltr'>copus</span> <span class='ocrx_word' id='word_1_243' title='bbox 391 1999 614 2036; x_wconf 87' lang='lat' dir='ltr'>redderetur</span> <span class='ocrx_word' id='word_1_244' title='bbox 634 1999 725 2036; x_wconf 87' lang='lat' dir='ltr'>nulli</span> <span class='ocrx_word' id='word_1_245' title='bbox 745 1999 986 2037; x_wconf 88' lang='lat' dir='ltr'>conversanti</span> <span class='ocrx_word' id='word_1_246' title='bbox 1008 2011 1138 2037; x_wconf 89' lang='lat' dir='ltr'>secum</span> <span class='ocrx_word' id='word_1_247' title='bbox 1159 2000 1344 2037; x_wconf 87' lang='lat' dir='ltr'>obediens</span> <span class='ocrx_word' id='word_1_248' title='bbox 1365 2007 1571 2050; x_wconf 84' lang='lat' dir='ltr'>postquam</span> <span class='ocrx_word' id='word_1_249' title='bbox 1585 2001 1857 2060; x_wconf 36' lang='lat' dir='ltr'>:gffflilffcssbffdjlssffig</span> 
     </span>
    </p>
   </div>
   <div class='ocr_carea' id='block_1_12' title="bbox 197 2069 1837 2330">
    <p class='ocr_par' dir='ltr' id='par_1_12' title="bbox 197 2069 1837 2330">
     <span class='ocr_line' id='line_1_29' title="bbox 249 2069 1667 2108; baseline 0.001 -3"><span class='ocrx_word' id='word_1_250' title='bbox 249 2069 455 2107; x_wconf 90' lang='lat' dir='ltr'>inmediate</span> <span class='ocrx_word' id='word_1_251' title='bbox 479 2077 566 2107; x_wconf 90' lang='lat' dir='ltr'>ante</span> <span class='ocrx_word' id='word_1_252' title='bbox 587 2069 760 2108; x_wconf 88' lang='lat' dir='ltr'>habuerit</span> <span class='ocrx_word' id='word_1_253' title='bbox 772 2070 947 2107; x_wconf 85' lang='lat' dir='ltr'>virtutem</span> <span class='ocrx_word' id='word_1_254' title='bbox 967 2070 1192 2107; x_wconf 87' lang='lat' dir='ltr'>obediencie</span> <span class='ocrx_word' id='word_1_255' title='bbox 1213 2070 1462 2108; x_wconf 87' lang='lat' dir='ltr'>inclinantem</span> <span class='ocrx_word' id='word_1_256' title='bbox 1484 2083 1571 2108; x_wconf 88' lang='lat' dir='ltr'>eurn</span> <span class='ocrx_word' id='word_1_257' title='bbox 1585 2076 1667 2099; x_wconf 64' lang='lat'>909⁸·</span> 
     </span>
     <span class='ocr_line' id='line_1_30' title="bbox 197 2140 1576 2190; baseline 0.001 -14"><span class='ocrx_word' id='word_1_258' title='bbox 197 2148 234 2180; x_wconf 86' lang='lat'>25</span> <span class='ocrx_word' id='word_1_259' title='bbox 250 2145 289 2176; x_wconf 92' lang='lat' dir='ltr'>ut</span> <span class='ocrx_word' id='word_1_260' title='bbox 320 2140 474 2178; x_wconf 87' lang='lat' dir='ltr'>obediat</span> <span class='ocrx_word' id='word_1_261' title='bbox 504 2141 730 2190; x_wconf 88' lang='lat' dir='ltr'>cuicunque.</span> <span class='ocrx_word' id='word_1_262' title='bbox 788 2140 889 2178; x_wconf 91' lang='lat' dir='ltr'>Cum</span> <span class='ocrx_word' id='word_1_263' title='bbox 923 2140 1026 2176; x_wconf 89' lang='lat' dir='ltr'>enim</span> <span class='ocrx_word' id='word_1_264' title='bbox 1058 2147 1186 2177; x_wconf 87' lang='lat' dir='ltr'>manet</span> <span class='ocrx_word' id='word_1_265' title='bbox 1221 2141 1358 2177; x_wconf 84' lang='lat' dir='ltr'>eadem</span> <span class='ocrx_word' id='word_1_266' title='bbox 1389 2141 1506 2178; x_wconf 90' lang='lat' dir='ltr'>virtus</span> <span class='ocrx_word' id='word_1_267' title='bbox 1538 2148 1576 2178; x_wconf 90' lang='lat' dir='ltr'>et</span> 
     </span>
     <span class='ocr_line' id='line_1_31' title="bbox 247 2209 1574 2259; baseline 0 -12"><span class='ocrx_word' id='word_1_268' title='bbox 247 2209 348 2248; x_wconf 89' lang='lat' dir='ltr'>idem</span> <span class='ocrx_word' id='word_1_269' title='bbox 361 2210 374 2230; x_wconf 78' lang='lat'>³</span> <span class='ocrx_word' id='word_1_270' title='bbox 394 2222 542 2248; x_wconf 89' lang='lat' dir='ltr'>summe</span> <span class='ocrx_word' id='word_1_271' title='bbox 562 2211 747 2248; x_wconf 89' lang='lat' dir='ltr'>obediens</span> <span class='ocrx_word' id='word_1_272' title='bbox 767 2210 981 2248; x_wconf 85' lang='lat' dir='ltr'>secundum</span> <span class='ocrx_word' id='word_1_273' title='bbox 1000 2210 1247 2259; x_wconf 86' lang='lat' dir='ltr'>prudenciam</span> <span class='ocrx_word' id='word_1_274' title='bbox 1262 2222 1370 2248; x_wconf 86' lang='lat' dir='ltr'>suam</span> <span class='ocrx_word' id='word_1_275' title='bbox 1386 2211 1574 2248; x_wconf 86' lang='lat' dir='ltr'>inclinans</span> 
     </span>
     <span class='ocr_line' id='line_1_32' title="bbox 247 2280 1837 2330; baseline 0.001 -14"><span class='ocrx_word' id='word_1_276' title='bbox 247 2281 420 2318; x_wconf 86' lang='lat' dir='ltr'>virtutem</span> <span class='ocrx_word' id='word_1_277' title='bbox 448 2293 496 2318; x_wconf 83' lang='lat' dir='ltr'>ex</span> <span class='ocrx_word' id='word_1_278' title='bbox 520 2281 654 2319; x_wconf 88' lang='lat' dir='ltr'>maiori</span> <span class='ocrx_word' id='word_1_279' title='bbox 685 2281 823 2330; x_wconf 86' lang='lat' dir='ltr'>gracia,</span> <span class='ocrx_word' id='word_1_280' title='bbox 845 2281 988 2318; x_wconf 83' lang='lat' dir='ltr'>videtur</span> <span class='ocrx_word' id='word_1_281' title='bbox 1008 2280 1113 2330; x_wconf 88' lang='lat' dir='ltr'>quod</span> <span class='ocrx_word' id='word_1_282' title='bbox 1134 2281 1361 2318; x_wconf 85' lang='lat' dir='ltr'>obediencia</span> <span class='ocrx_word' id='word_1_283' title='bbox 1381 2281 1442 2318; x_wconf 87' lang='lat' dir='ltr'>illa</span> <span class='ocrx_word' id='word_1_284' title='bbox 1466 2281 1570 2319; x_wconf 92' lang='lat' dir='ltr'>incli-</span> <span class='ocrx_word' id='word_1_285' title='bbox 1585 2285 1684 2317; x_wconf 70' lang='lat' dir='ltr'>Surcly</span> <span class='ocrx_word' id='word_1_286' title='bbox 1698 2285 1732 2310; x_wconf 76' lang='lat' dir='ltr'>hc</span> <span class='ocrx_word' id='word_1_287' title='bbox 1746 2285 1837 2311; x_wconf 64' lang='lat' dir='ltr'>would</span> 
     </span>
    </p>
   </div>
   <div class='ocr_carea' id='block_1_13' title="bbox 1586 2319 1853 2344">
    <p class='ocr_par' dir='ltr' id='par_1_13' title="bbox 1586 2319 1853 2344">
     <span class='ocr_line' id='line_1_33' title="bbox 1586 2319 1853 2344; baseline 0.004 -1"><span class='ocrx_word' id='word_1_288' title='bbox 1586 2319 1619 2343; x_wconf 83' lang='lat' dir='ltr'>be</span> <span class='ocrx_word' id='word_1_289' title='bbox 1635 2328 1707 2343; x_wconf 76' lang='lat' dir='ltr'>more</span> <span class='ocrx_word' id='word_1_290' title='bbox 1722 2319 1853 2344; x_wconf 76' lang='lat' dir='ltr'>obedient.</span> 
     </span>
    </p>
   </div>
   <div class='ocr_carea' id='block_1_14' title="bbox 195 2350 1740 2607">
    <p class='ocr_par' dir='ltr' id='par_1_14' title="bbox 247 2350 1740 2396">
     <span class='ocr_line' id='line_1_34' title="bbox 247 2350 1740 2396; baseline 0 -8"><span class='ocrx_word' id='word_1_291' title='bbox 247 2351 354 2388; x_wconf 84' lang='lat' dir='ltr'>nabit</span> <span class='ocrx_word' id='word_1_292' title='bbox 391 2351 440 2388; x_wconf 88' lang='lat' dir='ltr'>ad</span> <span class='ocrx_word' id='word_1_293' title='bbox 479 2351 596 2388; x_wconf 85' lang='lat' dir='ltr'>lacius</span> <span class='ocrx_word' id='word_1_294' title='bbox 634 2352 692 2388; x_wconf 88' lang='lat' dir='ltr'>vel</span> <span class='ocrx_word' id='word_1_295' title='bbox 731 2351 915 2388; x_wconf 90' lang='lat' dir='ltr'>intensius</span> <span class='ocrx_word' id='word_1_296' title='bbox 953 2350 1223 2396; x_wconf 86' lang='lat' dir='ltr'>obediendum,</span> <span class='ocrx_word' id='word_1_297' title='bbox 1257 2363 1345 2388; x_wconf 90' lang='lat' dir='ltr'>cum</span> <span class='ocrx_word' id='word_1_298' title='bbox 1384 2351 1456 2389; x_wconf 90' lang='lat' dir='ltr'>hoc</span> <span class='ocrx_word' id='word_1_299' title='bbox 1495 2364 1573 2389; x_wconf 86' lang='lat' dir='ltr'>non</span> <span class='ocrx_word' id='word_1_300' title='bbox 1587 2352 1652 2378; x_wconf 60' lang='lat'>“¹³¹¹</span> <span class='ocrx_word' id='word_1_301' title='bbox 1667 2361 1740 2379; x_wconf 59' lang='lat'>“⁸¹0¹-</span> 
     </span>
    </p>

    <p class='ocr_par' dir='ltr' id='par_1_15' title="bbox 195 2420 1577 2541">
     <span class='ocr_line' id='line_1_35' title="bbox 247 2420 1575 2470; baseline 0 -12"><span class='ocrx_word' id='word_1_302' title='bbox 247 2427 436 2470; x_wconf 88' lang='lat' dir='ltr'>repugnat</span> <span class='ocrx_word' id='word_1_303' title='bbox 456 2422 567 2458; x_wconf 89' lang='lat' dir='ltr'>statui</span> <span class='ocrx_word' id='word_1_304' title='bbox 581 2421 649 2459; x_wconf 90' lang='lat' dir='ltr'>sed</span> <span class='ocrx_word' id='word_1_305' title='bbox 669 2421 824 2459; x_wconf 82' lang='lat' dir='ltr'>decorat</span> <span class='ocrx_word' id='word_1_306' title='bbox 838 2421 861 2457; x_wconf 75' lang='lat'>⁴.</span> <span class='ocrx_word' id='word_1_307' title='bbox 920 2420 1181 2458; x_wconf 86' lang='lat' dir='ltr'>Confirmatur</span> <span class='ocrx_word' id='word_1_308' title='bbox 1201 2420 1334 2470; x_wconf 89' lang='lat' dir='ltr'>triplici</span> <span class='ocrx_word' id='word_1_309' title='bbox 1355 2422 1575 2459; x_wconf 87' lang='lat' dir='ltr'>testimonio</span> 
     </span>
     <span class='ocr_line' id='line_1_36' title="bbox 195 2490 1577 2541; baseline -0.001 -13"><span class='ocrx_word' id='word_1_310' title='bbox 195 2491 469 2540; x_wconf 79' lang='lat' dir='ltr'>3oexemplari‚</span> <span class='ocrx_word' id='word_1_311' title='bbox 499 2492 622 2541; x_wconf 88' lang='lat' dir='ltr'>primo</span> <span class='ocrx_word' id='word_1_312' title='bbox 661 2504 708 2529; x_wconf 84' lang='lat' dir='ltr'>ex</span> <span class='ocrx_word' id='word_1_313' title='bbox 748 2491 849 2528; x_wconf 90' lang='lat' dir='ltr'>dicto</span> <span class='ocrx_word' id='word_1_314' title='bbox 888 2491 926 2527; x_wconf 91' lang='lat' dir='ltr'>in</span> <span class='ocrx_word' id='word_1_315' title='bbox 967 2490 1125 2527; x_wconf 87' lang='lat' dir='ltr'>Summa</span> <span class='ocrx_word' id='word_1_316' title='bbox 1164 2502 1412 2536; x_wconf 84' lang='lat' dir='ltr'>Summarum,</span> <span class='ocrx_word' id='word_1_317' title='bbox 1445 2492 1483 2528; x_wconf 91' lang='lat' dir='ltr'>in</span> <span class='ocrx_word' id='word_1_318' title='bbox 1518 2491 1577 2527; x_wconf 72' lang='lat' dir='ltr'>Dc</span> 
     </span>
    </p>

    <p class='ocr_par' dir='ltr' id='par_1_16' title="bbox 248 2561 1576 2607">
     <span class='ocr_line' id='line_1_37' title="bbox 248 2561 1576 2607; baseline 0 -9"><span class='ocrx_word' id='word_1_319' title='bbox 248 2563 455 2599; x_wconf 78' lang='lat' dir='ltr'>maz&#39;orz&#39;tale</span> <span class='ocrx_word' id='word_1_320' title='bbox 499 2567 532 2599; x_wconf 82' lang='lat' dir='ltr'>et</span> <span class='ocrx_word' id='word_1_321' title='bbox 571 2562 770 2599; x_wconf 68' lang='lat' dir='ltr'>obediencia</span> <span class='ocrx_word' id='word_1_322' title='bbox 814 2561 853 2598; x_wconf 88' lang='lat' dir='ltr'>in</span> <span class='ocrx_word' id='word_1_323' title='bbox 883 2561 970 2607; x_wconf 87' lang='lat' dir='ltr'>fine,</span> <span class='ocrx_word' id='word_1_324' title='bbox 999 2561 1064 2597; x_wconf 92' lang='lat' dir='ltr'>ubi</span> <span class='ocrx_word' id='word_1_325' title='bbox 1107 2562 1178 2598; x_wconf 80' lang='lat' dir='ltr'>sub</span> <span class='ocrx_word' id='word_1_326' title='bbox 1215 2562 1437 2598; x_wconf 87' lang='lat' dir='ltr'>auctoritate</span> <span class='ocrx_word' id='word_1_327' title='bbox 1476 2563 1576 2598; x_wconf 84' lang='lat' dir='ltr'>beati</span> 
     </span>
    </p>
   </div>
   <div class='ocr_carea' id='block_1_15' title="bbox 29 2630 1854 2681">
    <p class='ocr_par' dir='ltr' id='par_1_17' title="bbox 29 2630 1854 2681">
     <span class='ocr_line' id='line_1_38' title="bbox 29 2630 1854 2681; baseline -0.002 -12"><span class='ocrx_word' id='word_1_328' title='bbox 29 2630 159 2663; x_wconf 76' lang='lat' dir='ltr'>Decret.</span> <span class='ocrx_word' id='word_1_329' title='bbox 249 2631 425 2680; x_wconf 86' lang='lat' dir='ltr'>Gregorii</span> <span class='ocrx_word' id='word_1_330' title='bbox 455 2633 608 2681; x_wconf 89' lang='lat' dir='ltr'>ponitur</span> <span class='ocrx_word' id='word_1_331' title='bbox 637 2644 714 2669; x_wconf 89' lang='lat' dir='ltr'>una</span> <span class='ocrx_word' id='word_1_332' title='bbox 743 2631 888 2669; x_wconf 86' lang='lat' dir='ltr'>subtilis</span> <span class='ocrx_word' id='word_1_333' title='bbox 922 2630 1118 2669; x_wconf 87' lang='lat' dir='ltr'>conclusio</span> <span class='ocrx_word' id='word_1_334' title='bbox 1148 2639 1185 2668; x_wconf 90' lang='lat' dir='ltr'>et</span> <span class='ocrx_word' id='word_1_335' title='bbox 1213 2631 1326 2680; x_wconf 85' lang='lat' dir='ltr'>plene</span> <span class='ocrx_word' id='word_1_336' title='bbox 1356 2632 1574 2668; x_wconf 70' lang='lat' dir='ltr'>instructiva</span> <span class='ocrx_word' id='word_1_337' title='bbox 1591 2633 1854 2666; x_wconf 72' lang='lat' dir='ltr'>For‹i)S-Gre5:0ry</span> 
     </span>
    </p>
   </div>
   <div class='ocr_carea' id='block_1_16' title="bbox 29 2667 1853 2763">
    <p class='ocr_par' dir='ltr' id='par_1_18' title="bbox 29 2667 1853 2763">
     <span class='ocr_line' id='line_1_39' title="bbox 65 2667 1853 2697; baseline 0.007 -17"><span class='ocrx_word' id='word_1_338' title='bbox 65 2673 71 2680; x_wconf 88' lang='lat'>.</span> <span class='ocrx_word' id='word_1_339' title='bbox 201 2674 207 2681; x_wconf 90' lang='lat'>.</span> <span class='ocrx_word' id='word_1_340' title='bbox 1589 2667 1710 2697; x_wconf 61' lang='lat' dir='ltr'>reaches,</span> <span class='ocrx_word' id='word_1_341' title='bbox 1733 2670 1739 2678; x_wconf 80' lang='lat'>⁸</span> <span class='ocrx_word' id='word_1_342' title='bbox 1749 2667 1792 2692; x_wconf 84' lang='lat' dir='ltr'>To</span> <span class='ocrx_word' id='word_1_343' title='bbox 1806 2667 1853 2692; x_wconf 80' lang='lat' dir='ltr'>the</span> 
     </span>
     <span class='ocr_line' id='line_1_40' title="bbox 29 2673 1818 2763; baseline 0.001 -26"><span class='ocrx_word' id='word_1_344' title='bbox 29 2673 235 2758; x_wconf 37' lang='lat' dir='ltr'>xssi&#39;iil&#39;rrelkt&#39;</span> <span class='ocrx_word' id='word_1_345' title='bbox 247 2700 419 2740; x_wconf 82' lang='lat' dir='ltr'>ecclesie.</span> <span class='ocrx_word' id='word_1_346' title='bbox 472 2701 666 2747; x_wconf 79' lang='lat' dir='ltr'>Obedz&#39;enlz&#39;,</span> <span class='ocrx_word' id='word_1_347' title='bbox 682 2702 815 2751; x_wconf 82' lang='lat' dir='ltr'>inquit,</span> <span class='ocrx_word' id='word_1_348' title='bbox 835 2702 957 2738; x_wconf 77' lang='lat' dir='ltr'>omnia</span> <span class='ocrx_word' id='word_1_349' title='bbox 988 2701 1164 2746; x_wconf 64' lang='lat' dir='ltr'>obediam,</span> <span class='ocrx_word' id='word_1_350' title='bbox 1181 2705 1324 2738; x_wconf 74' lang='lat' dir='ltr'>creator</span> <span class='ocrx_word' id='word_1_351' title='bbox 1342 2706 1375 2736; x_wconf 77' lang='lat' dir='ltr'>cf</span> <span class='ocrx_word' id='word_1_352' title='bbox 1392 2706 1574 2737; x_wconf 68' lang='lat' dir='ltr'>crcalm&#39;a.</span> <span class='ocrx_word' id='word_1_353' title='bbox 1588 2700 1818 2763; x_wconf 45' lang='lat' dir='ltr'>ffi&#39;i‘lffgfqtrjgbe</span> 
     </span>
    </p>
   </div>
   <div class='ocr_carea' id='block_1_17' title="bbox 29 2760 1685 2835">
    <p class='ocr_par' dir='ltr' id='par_1_19' title="bbox 29 2760 1685 2835">
     <span class='ocr_line' id='line_1_41' title="bbox 29 2760 1685 2835; baseline -0.001 -27"><span class='ocrx_word' id='word_1_354' title='bbox 29 2760 144 2835; x_wconf 44' lang='grc' dir='ltr'><em>ἷξες·</em></span> <span class='ocrx_word' id='word_1_355' title='bbox 247 2771 297 2809; x_wconf 92' lang='lat' dir='ltr'>Et</span> <span class='ocrx_word' id='word_1_356' title='bbox 316 2778 442 2821; x_wconf 91' lang='lat' dir='ltr'>potest</span> <span class='ocrx_word' id='word_1_357' title='bbox 461 2772 530 2810; x_wconf 86' lang='lat' dir='ltr'>ista</span> <span class='ocrx_word' id='word_1_358' title='bbox 558 2772 719 2810; x_wconf 88' lang='lat' dir='ltr'>salubris</span> <span class='ocrx_word' id='word_1_359' title='bbox 749 2772 949 2809; x_wconf 86' lang='lat' dir='ltr'>conclusio</span> <span class='ocrx_word' id='word_1_360' title='bbox 973 2770 990 2790; x_wconf 86' lang='lat'><em>*</em></span> <span class='ocrx_word' id='word_1_361' title='bbox 1014 2771 1267 2808; x_wconf 83' lang='lat' dir='ltr'>demonstrari</span> <span class='ocrx_word' id='word_1_362' title='bbox 1293 2783 1340 2808; x_wconf 82' lang='lat' dir='ltr'>ex</span> <span class='ocrx_word' id='word_1_363' title='bbox 1363 2771 1435 2808; x_wconf 86' lang='lat' dir='ltr'>fide</span> <span class='ocrx_word' id='word_1_364' title='bbox 1457 2772 1574 2820; x_wconf 90' lang='lat' dir='ltr'>scrip·</span> <span class='ocrx_word' id='word_1_365' title='bbox 1588 2766 1685 2792; x_wconf 59' lang='lat' dir='ltr'>diem!</span> 
     </span>
    </p>
   </div>
   <div class='ocr_carea' id='block_1_18' title="bbox 249 2855 1573 2950">
    <p class='ocr_par' dir='ltr' id='par_1_20' title="bbox 249 2855 1573 2950">
     <span class='ocr_line' id='line_1_42' title="bbox 291 2855 1573 2899; baseline 0 -11"><span class='ocrx_word' id='word_1_366' title='bbox 291 2857 302 2876; x_wconf 86' lang='lat'>¹</span> <span class='ocrx_word' id='word_1_367' title='bbox 326 2857 556 2899; x_wconf 82' lang='lat' dir='ltr'>responderent</span> <span class='ocrx_word' id='word_1_368' title='bbox 574 2857 623 2889; x_wconf 89' lang='lat' dir='ltr'>illi</span> <span class='ocrx_word' id='word_1_369' title='bbox 636 2862 697 2898; x_wconf 76' lang='lat' dir='ltr'>pro</span> <span class='ocrx_word' id='word_1_370' title='bbox 713 2858 763 2889; x_wconf 92' lang='lat' dir='ltr'>illi</span> <span class='ocrx_word' id='word_1_371' title='bbox 780 2857 1024 2899; x_wconf 82' lang='lat' dir='ltr'>responderunt,</span> <span class='ocrx_word' id='word_1_372' title='bbox 1042 2864 1074 2887; x_wconf 85' lang='grc' dir='ltr'>Α.</span> <span class='ocrx_word' id='word_1_373' title='bbox 1165 2855 1175 2872; x_wconf 75' lang='lat'><strong>²</strong></span> <span class='ocrx_word' id='word_1_374' title='bbox 1199 2856 1319 2887; x_wconf 79' lang='lat' dir='ltr'>fructus</span> <span class='ocrx_word' id='word_1_375' title='bbox 1329 2861 1393 2897; x_wconf 67' lang='lat' dir='ltr'>pro</span> <span class='ocrx_word' id='word_1_376' title='bbox 1410 2857 1522 2895; x_wconf 77' lang='lat' dir='ltr'>sactus,</span> <span class='ocrx_word' id='word_1_377' title='bbox 1540 2865 1573 2889; x_wconf 90' lang='grc' dir='ltr'>Λ.</span> 
     </span>
     <span class='ocr_line' id='line_1_43' title="bbox 249 2906 1292 2950; baseline -0.001 -10"><span class='ocrx_word' id='word_1_378' title='bbox 249 2908 261 2926; x_wconf 79' lang='lat'>³</span> <span class='ocrx_word' id='word_1_379' title='bbox 285 2909 467 2940; x_wconf 83' lang='lat' dir='ltr'>subiectum</span> <span class='ocrx_word' id='word_1_380' title='bbox 481 2912 555 2950; x_wconf 68' lang='lat' dir='ltr'>post</span> <span class='ocrx_word' id='word_1_381' title='bbox 571 2909 670 2947; x_wconf 86' lang='lat' dir='ltr'>idem,</span> <span class='ocrx_word' id='word_1_382' title='bbox 687 2910 724 2940; x_wconf 80' lang='lat' dir='ltr'>in</span> <span class='ocrx_word' id='word_1_383' title='bbox 742 2919 847 2949; x_wconf 68' lang='lat' dir='ltr'>marg.</span> <span class='ocrx_word' id='word_1_384' title='bbox 866 2909 937 2939; x_wconf 75' lang='lat' dir='ltr'>add.</span> <span class='ocrx_word' id='word_1_385' title='bbox 957 2917 991 2940; x_wconf 82' lang='lat' dir='ltr'>A.</span> <span class='ocrx_word' id='word_1_386' title='bbox 1082 2908 1090 2925; x_wconf 88' lang='lat'>¹</span> <span class='ocrx_word' id='word_1_387' title='bbox 1116 2906 1240 2944; x_wconf 86' lang='lat' dir='ltr'>deceat,</span> <span class='ocrx_word' id='word_1_388' title='bbox 1259 2915 1292 2939; x_wconf 80' lang='grc' dir='ltr'>Α.</span> 
     </span>
    </p>
   </div>
   <div class='ocr_carea' id='block_1_19' title="bbox 899 2976 921 3000">
    <p class='ocr_par' dir='ltr' id='par_1_21' title="bbox 899 2976 921 3000">
     <span class='ocr_line' id='line_1_44' title="bbox 899 2976 921 3000; baseline 0 0"><span class='ocrx_word' id='word_1_389' title='bbox 899 2976 921 3000; x_wconf 91' lang='lat' dir='ltr'><strong>R</strong></span> 
     </span>
    </p>
   </div>
  </div>
 </body>
</html>
