2018 3401
667 323 731 354 DE
762 322 960 355 OFFICIO
992 321 1146 354 REG1s.
1758 326 1838 365 209

244 441 336 479 ager
364 428 515 467 cederet
545 435 732 478 perpetuo
771 428 809 465 in
838 428 1124 478 possessionem
1154 427 1372 472 sacerdotis,
1394 428 1483 477 quia
1510 428 1560 465 sic

242 507 400 550 possent
428 500 646 538 sacerdotes
675 500 715 536 in
744 512 974 549 quacunque
996 499 1114 536 tribus
1143 498 1353 536 hereditate
1374 511 1442 548 per
1471 510 1559 547 pro-

242 584 394 610 cessum
424 572 607 621 temporis
636 571 820 609 excedere
849 571 951 608 illam
986 571 1138 617 tribum,
1175 570 1280 620 quod
1315 568 1397 608 est1
1428 577 1561 608 contra

25 646 125 677 Deut.
139 646 227 678 xviii.
242 642 366 693 legem
386 643 500 680 Deut.
522 643 610 680 xviii
638 643 703 679 ubi
733 642 915 679 limitatur
943 642 1055 679 tribui
1086 641 1178 679 Levi
1208 641 1415 690 possessio.
1472 640 1562 678 Non
1575 644 1637 705 'ciffi
1640 644 1841 705 ἑτὲξξξὲὲενί

28 698 56 728 1,
76 699 103 721 2.

23 735 104 764 Fol-
116 736 183 765 162
196 744 226 765 a·
240 714 429 760 habebunt,
469 714 601 763 inquit,
644 714 844 751 sacerdotes
891 718 924 750 et
969 714 1096 751 Levile
1138 712 1155 731 '¹‘
1197 717 1231 750 el
1265 725 1384 749 omnes
1421 713 1491 761 qui
1525 713 1564 748 a⁷e
1577 713 1823 772 ὲῖῐὲῗὲἱξῗέἓὲξξέ

239 786 357 822 eadem
388 785 488 822 tribu
518 790 607 822 sunl
628 789 775 834 partem
813 790 847 821 el
881 785 1112 822 heredz'latem
1150 797 1231 821 cum
1266 785 1403 832 reliquo
1429 784 1563 832 populo
1576 780 1657 839 ἓξὲξ
1665 779 1797 840 ξζῗζὲξξε

240 855 372 901 Israel,
411 857 499 905 quia
537 857 729 905 sacrificia
768 857 917 902 domini,
954 860 988 892 et
1022 856 1222 892 oblaciones
1259 856 1335 892 eius
1374 855 1561 899 comedent,

239 932 272 964 et
302 928 421 965 nichil
445 928 553 964 aliud
583 929 761 977 aeczpz'ent
789 928 829 964 de
851 929 1072 976 possessione
1085 928 1267 977 fratrum
1298 939 1458 963 suorum.
1516 925 1564 963 Et

240 998 343 1036 idem
377 999 514 1036 dicitur
548 997 694 1036 Num.²
732 1001 777 1035 18
817 1006 853 1036 et
889 999 1105 1047 expressius
1138 998 1278 1036 Ezech.
1314 1005 1396 1045 440.
1454 997 1564 1044 Quo-

188 1084 227 1106 10
239 1070 359 1107 modo
381 1071 493 1119 igitur
510 1070 522 1089 ³
543 1070 731 1119 accipient
762 1070 832 1107 sibi
860 1070 906 1107 de
933 1069 1174 1119 possessione
1203 1069 1363 1106 aliarum
1385 1069 1564 1114 tribuum,

23 1146 121 1179 Deut.
138 1147 201 1178 xix.
240 1153 329 1178 cum
359 1140 545 1179 Deutron.
580 1147 648 1189 190
678 1141 840 1178 dicitur4
868 1140 958 1177 lVon
987 1153 1158 1186 assumes,
1194 1145 1226 1177 el
1256 1141 1460 1189 transferes
1492 1145 1564 1177 ler-

25 1199 74 1231 14'
241 1213 357 1249 minos
385 1213 567 1261 proximi
590 1213 650 1249 lui
682 1225 770 1261 quos
797 1212 979 1262 fixerunt
999 1213 1150 1261 priores
1181 1213 1219 1248 in
1241 1213 1464 1260 possessione
1500 1216 1565 1248 lua

239 1296 348 1331 quam
380 1284 548 1319 dominus
576 1283 661 1319 deus
688 1287 773 1319 tuus
802 1282 905 1319 dabit
939 1282 1009 1319 libi
1039 1283 1078 1318 in
1112 1287 1213 1319 lerra
1245 1295 1354 1331 quam
1387 1284 1566 1331 acceperis

22 1361 119 1392 Deut.
129 1361 224 1393 xxvii.
230 1355 488 1402 possidendam
505 1356 526 1390 ,ν’
580 1354 629 1390 Et
649 1354 745 1390 infra
769 1364 815 1402 27
838 1354 1023 1399 scribitur,
1044 1353 1272 1390 fllaledielus
1292 1355 1358 1402 qm·
1382 1354 1569 1404 transfi’rl

26 1413 74 1444 ¹7⁶
189 1435 225 1467 15
239 1426 410 1462 terminos
430 1426 612 1474 proximi
637 1426 731 1468 sui,·
771 1430 805 1462 et
832 1426 925 1462 dicet
953 1426 1070 1462 omnis
1097 1426 1276 1473 populus:
1316 1425 1449 1461 Amen.
1506 1425 1566 1462 Ex

23 1493 64 1523 0.
240 1496 380 1544 quibus
414 1496 662 1545 probabiliter
695 1496 886 1545 colligitur
924 1495 1030 1545 quod
1068 1496 1187 1533 tribus
1226 1495 1318 1533 Levi
1353 1508 1434 1533 non
1468 1496 1567 1533 acci-

239 1573 344 1615 peret
375 1563 556 1618 [etiam]⁵
577 1567 738 1615 sparsim
766 1567 903 1604 domos
923 1566 983 1604 vel
1012 1579 1126 1616 agros
1155 1567 1254 1604 ultra
1282 1568 1568 1616 possessionem

240 1637 451 1687 primevam
484 1644 562 1675 tam
598 1638 724 1675 stricte
759 1650 781 1675 a
814 1637 928 1676 Deo⁶
972 1638 1200 1683 limitatam3
1241 1637 1347 1686 quod
1385 1637 1567 1675 recoleret

240 1708 360 1745 clerus
399 1715 530 1746 noster
568 1709 876 1758 possessionatus
923 1709 987 1758 qui
1025 1709 1142 1746 instar
1181 1691 1292 1746 Cristi
1332 1709 1444 1746 debet
1484 1722 1565 1746 esse

188 1792 228 1814 20
242 1778 381 1816 Levitis
429 1780 644 1829 pauperior.
728 1779 800 1817 Vel
849 1780 961 1828 igitur
1008 1786 1280 1817 consecrarunt
1328 1779 1398 1816 alie
1447 1780 1564 1817 tribus
1577 1783 1810 1850 ffigfftggutgiteffie

240 1849 400 1888 domum
434 1850 490 1887 vel
525 1863 659 1900 agrum
693 1850 854 1888 domino
893 1850 1144 1889 concedendo
1184 1850 1232 1887 ad
1268 1863 1418 1888 sacrum
1451 1863 1562 1889 usum
1577 1851 1827 1910 gffissggeigffiffd

239 1920 403 1959 fructum
423 1922 556 1959 talium
583 1922 846 1971 temporalem,
867 1922 972 1971 quod
998 1922 1166 1971 positum
1188 1930 1244 1960 est
1263 1923 1301 1958 in
1322 1922 1563 1960 sacerdotum
1577 1924 1606 1944 ⁸⁰
1619 1919 1714 1944 sacred
1728 1927 1791 1950 Pur·

1576 1961 1666 1984 poseS.

238 1992 451 2030 custodiam
468 1993 573 2042 quod
589 2005 659 2030 nec
676 1993 779 2031 licuit
799 2006 988 2040 revocare,
1010 1993 1067 2031 vel
1087 1993 1190 2031 aliter
1208 2002 1431 2031 manserunt
1454 1991 1564 2045 [con-

21 2077 68 2106 43
86 2077 120 2105 d.
240 2070 382 2101 secrata
397 2063 506 2101 huius
522 2062 666 2116 modi⁷]
687 2064 704 2082 '³‘
724 2072 869 2102 secrete
889 2065 928 2101 in
949 2065 1123 2102 custodia
1139 2064 1362 2102 vovencium
1382 2065 1566 2102 fructibus

187 2155 224 2186 25
239 2146 371 2172 eorum
393 2135 510 2172 sacris
531 2135 661 2172 usibus
682 2135 935 2184 deputandis3
967 2142 1004 2172 et
1033 2135 1125 2173 illud
1146 2141 1203 2172 est
1223 2135 1315 2172 mihi
1336 2135 1565 2181 evidencius,

240 2217 329 2242 curn
357 2205 428 2242 alie
460 2205 579 2242 tribus
607 2212 766 2254 possunt
797 2218 1102 2255 personaswsuas
1133 2206 1293 2244 domino
1325 2219 1561 2253 consecrare,

240 2275 362 2313 multo
393 2276 516 2325 magis
547 2277 814 2325 possessiones
844 2283 967 2326 preter
996 2277 1238 2315 necessarias.
1298 2277 1381 2315 Nec
1407 2285 1463 2315 est
1490 2278 1564 2315 hoe
1576 2284 1771 2344 {iggiitarsscgivcse
1784 2284 1845 2344 grat

21 2347 439 2390 Tol›iti.6,7.Levitico⁸
486 2347 555 2384 iuri
605 2348 848 2395 contrarium,
889 2360 978 2385 cum
1025 2348 1072 2386 de
1112 2348 1268 2386 Thobia
1308 2349 1372 2398 qui
1412 2348 1478 2386 fuit
1517 2349 1563 2386 de
1577 2352 1846 2417 ῐξξέῃῑὲῆοξέξῐῑες

241 2418 339 2456 tribu
379 2417 574 2468 Neptalim
613 2426 680 2456 cao
724 2426 764 2455 10
802 2419 884 2456 libri
923 2419 978 2456 sui
1017 2419 1152 2469 legitur
1189 2420 1295 2469 quod
1334 2420 1403 2457 fuit
1441 2422 1563 2458 omnia
1577 2418 1833 2457 engagssdintheff

1578 2459 1715 2485 primitive
1723 2453 1808 2483 work,

187 2491 433 2538 goprimiliva
471 2503 540 2526 sua
577 2494 611 2527 el
645 2491 802 2527 decimas
829 2491 994 2540 fideliler
1023 2491 1187 2541 offerens,
1218 2491 1268 2528 ita
1301 2491 1406 2540 quod
1444 2492 1483 2528 in
1525 2485 1844 2552 3οῗτξξὲῗὶξζέὲὲζζῖζά

240 2573 344 2598 anno
364 2561 554 2609 proselitis
575 2567 612 2598 et
633 2561 788 2598 advenis
810 2561 1040 2599 ministraret
1065 2574 1221 2599 omnem
1249 2559 1607 2600 decimacionem.‘⁰
1626 2558 1777 2586 ⁵²¹³¹¹ge¹⁵·

240 2632 344 2669 Ecce
375 2632 479 2680 quod
511 2632 613 2670 licuit
645 2633 726 2670 aliis
758 2633 919 2669 tributus
949 2632 1106 2681 quando
1131 2633 1248 2670 tribus
1277 2632 1368 2670 Levi
1394 2645 1473 2670 non
1498 2633 1566 2670 suit

242 2703 423 2739 onerata⁹
449 2703 550 2741 circa
587 2704 793 2741 ministeria
831 2703 1018 2752 primitiva
1057 2703 1145 2741 dare
1176 2703 1345 2741 decimas
1384 2710 1420 2741 et
1462 2703 1566 2741 obla-

285 2805 293 2822 ¹
317 2816 377 2836 om.
402 2811 461 2841 est,
479 2815 514 2838 Α.
645 2806 658 2823 ²
681 2807 817 2838 Levitici
834 2812 899 2847 pro
922 2806 1035 2844 Num.,
1061 2814 1090 2838 Β.
1224 2805 1235 2822 ³
1259 2807 1305 2837 ibi
1321 2811 1385 2847 pro
1408 2807 1516 2848 igitur,
1533 2815 1566 2838 Α.

241 2856 252 2874 ⁴
277 2857 427 2889 scribitur
442 2866 472 2890 B.
530 2857 542 2875 ⁵
565 2868 648 2889 corr.
665 2859 750 2890 Edd.
762 2863 826 2900 pro
842 2864 921 2896 tam,
937 2866 972 2896 Α,
990 2866 1018 2888 Β.
1075 2859 1087 2877 ⁶
1109 2858 1245 2889 domino
1264 2866 1294 2890 Β.
1349 2857 1360 2874 ⁷
1383 2869 1462 2889 corr.
1482 2859 1567 2889 Edd.

235 2914 298 2950 pro
315 2915 437 2942 secrete
454 2909 558 2950 hujus,
575 2918 608 2948 A,
630 2918 658 2942 B.
763 2910 773 2926 Β
798 2911 941 2942 Levitiee
953 2910 1034 2950 jure,
1054 2919 1086 2941 Α.
1197 2910 1209 2928 ⁹
1232 2916 1399 2942 oneratum
1424 2911 1516 2949 citra,
1535 2920 1568 2941 A.

892 2979 912 3003 ιι
