2018 3401
670 306 734 338 DE
768 305 960 338 OFFICIO
994 304 1147 336 REGIS.
1792 306 1842 348 31

246 416 297 454 Et
321 415 429 466 ponit
457 413 676 462 exemplum
703 412 751 449 de
777 412 945 449 vestibus
973 423 1047 460 que
1075 410 1214 447 debent
1233 421 1317 447 esse
1338 411 1375 446 in
1396 409 1569 458 personis

247 487 517 536 superioribus,
540 491 580 522 ut
600 483 905 533 Imperatoribus
925 495 969 519 ac
994 481 1252 526 Senatoribus‚
1276 480 1510 526 mundiores,
1533 487 1570 518 et

247 556 592 606 correspondenter
612 555 650 590 in
665 553 846 590 ministris
860 565 991 590 eorum
1009 552 1149 589 debent
1165 564 1248 589 esse
1265 559 1419 589 ornatus
1436 563 1571 588 secun-

247 628 340 664 dum
360 627 512 664 ordines
533 625 755 674 pulcriores.
812 622 907 669 Sic-¹,
924 623 1058 672 inquit,
1077 623 1110 658 Α
1118 624 1271 659 nlz‘sll'les
1291 623 1349 659 dei
1365 622 1487 659 debent
1503 635 1573 659 esse

213 704 230 736 5
237 698 410 747 puriores
434 709 543 745 quam
572 697 687 741 ceteri,
710 695 801 744 quia
830 694 863 732 C
864 695 953 731 rt'slc‘
973 694 1078 731 habet
1095 700 1304 742 personam,
1325 698 1357 730 et
1385 694 1574 730 mz'm'slros

247 769 306 806 dez·
332 769 539 805 mundiores
566 779 635 803 esse
663 769 804 815 oportet.
862 764 968 802 Deus
999 772 1138 811 autern,
1167 765 1231 813 qui
1258 764 1321 801 lux
1352 772 1388 801 et
1419 765 1572 813 spiritus

247 846 314 886 est,
341 839 535 875 ministros
567 837 724 886 requirit
758 837 843 886 plus
875 836 1096 885 splendidos
1130 836 1169 872 in
1204 836 1334 884 spiritu
1364 842 1400 873 et
1427 836 1571 873 virtute.

248 910 351 949 Nam
372 909 511 947 terreni
532 908 709 946 homines
730 920 820 957 sepe
843 907 927 956 plus
947 913 1132 956 appetunt
1159 907 1410 945 ministerium
1433 920 1572 956 pecca-

247 989 375 1019 torum
413 992 531 1029 quam
568 979 834 1024 virtuosorum,
869 978 935 1015 sed
973 978 1067 1015 deus
1107 979 1279 1027 quamvis
1313 991 1335 1015 a
1369 980 1574 1016 tenebratis

195 1067 234 1090 10
248 1058 406 1103 peceato
426 1050 580 1100 requirit
603 1050 841 1087 ministerum
861 1049 1049 1098 paciendi,
1071 1056 1199 1086 tamen
1221 1049 1329 1087 accio
1359 1062 1493 1087 eorum
1513 1057 1571 1087 est

249 1124 322 1161 deo
369 1121 662 1160 abhominabilis
709 1133 779 1170 pro
826 1126 996 1169 peceato.
1068 1120 1114 1156 In
1152 1121 1211 1157 via
1250 1127 1378 1157 autem
1417 1121 1573 1170 requirit

249 1195 443 1232 ministros
477 1192 645 1230 mundos
683 1199 882 1241 tamquam
922 1191 1079 1228 lucerna
1113 1191 1250 1229 ardens
1283 1199 1320 1229 et
1354 1192 1496 1238 lucens,
1533 1200 1575 1230 ut

249 1265 396 1303 Cristus
416 1264 547 1301 asserit
563 1263 610 1300 de
625 1262 800 1311 baptista,
820 1263 910 1312 quia
925 1268 1073 1311 oportet
1090 1262 1194 1311 quod
1212 1262 1349 1300 habeat
1363 1263 1575 1301 secundum

247 1335 410 1385 gradum
445 1347 555 1372 suum
594 1334 788 1371 caritatem
823 1340 860 1370 et
894 1333 1061 1382 graciam
1101 1333 1187 1370 licet
1225 1333 1491 1370 remissibilem
1527 1336 1575 1372 ab

194 1420 233 1452 15
248 1407 464 1445 extrinseco
502 1404 747 1442 venientem2.
806 1403 852 1440 In
891 1404 1012 1452 patria
1050 1416 1151 1447 vero,
1192 1404 1257 1440 ubi
1292 1406 1467 1442 membra
1506 1418 1574 1444 sua

249 1477 386 1514 uniens
407 1474 651 1525 corporaliter
671 1482 708 1511 et
728 1474 1027 1523 inseparabiliter
1047 1474 1101 1511 eis
1121 1474 1296 1520 illabitur,
1315 1475 1429 1512 habet
1450 1477 1577 1514 bonos

248 1547 418 1585 lucentes
447 1554 487 1584 ut
514 1546 640 1583 stellas
669 1545 708 1582 in
738 1545 814 1583 suis
843 1545 1037 1593 gradibus,
1069 1544 1135 1582 sed
1162 1545 1436 1583 humanitatem
1467 1547 1581 1584 Cristi

248 1625 289 1656 ut
311 1618 432 1655 solem
458 1617 506 1654 de
537 1616 644 1654 cuius
673 1616 767 1653 lucis
798 1615 1032 1664 plenitudine
1063 1616 1193 1653 omnia
1222 1617 1397 1654 membra
1422 1617 1579 1656 ecclesie

33 1686 80 1717 Κ·
249 1688 494 1738 splendorem
522 1687 664 1724 virtutis
695 1686 896 1735 accipiunt.
954 1686 1003 1723 Et
1023 1686 1120 1732 ideo,
1142 1694 1182 1723 ut
1204 1686 1281 1722 <lixi
1303 1686 1404 1732 alias,
1427 1688 1456 1725 si
1477 1701 1579 1738 papa

197 1771 238 1794 20
251 1758 426 1796 vendicat
445 1770 528 1795 esse
550 1757 607 1795 sol
627 1757 786 1794 ecclesie
817 1763 967 1805 oportet
987 1756 1092 1806 quod
1111 1756 1222 1794 faciat
1246 1758 1578 1806 proporcionabile

252 1830 343 1868 solis
370 1829 550 1873 officium,
575 1827 840 1866 conversando
868 1828 1008 1865 scilicet
1030 1827 1068 1864 in
1089 1827 1301 1874 celestibus,
1324 1830 1579 1877 preservando

251 1913 291 1939 se
312 1901 361 1938 ab
387 1899 613 1937 inmixtione
642 1910 729 1936 cum
760 1898 1009 1945 terrestribus,
1033 1898 1342 1937 circumrotando
1369 1900 1407 1937 in
1438 1900 1581 1939 circulo

253 1983 361 2020 spere
391 1969 631 2020 intelligibilis
667 1975 702 2006 et
736 1969 988 2006 illuminando
1023 1981 1066 2006 ac
1101 1969 1330 2007 vivificando
1363 1971 1580 2019 subiectos3

253 2042 344 2092 quia
364 2041 444 2079 sole
465 2041 527 2078 illo
552 2041 772 2082 obscurato.
792 2040 942 2077 ociante
963 2039 1020 2077 vel
1042 2039 1229 2078 dislocato
1254 2040 1478 2090 deturpatur
1499 2043 1581 2081 eius

200 2123 239 2155 25
255 2112 419 2161 dignitas
438 2118 475 2148 et
495 2111 565 2148 sibi
586 2110 784 2148 inserenda
800 2118 855 2148 est
876 2111 997 2148 irrisio
1018 2118 1215 2160 tamquam
1236 2118 1423 2149 monstro.
1454 2111 1579 2158 Unde,
1597 2118 1672 2144 How
1683 2123 1761 2150 great
1775 2117 1832 2143 and

1595 2152 1798 2184 blameworthy

255 2190 295 2220 ut
324 2182 441 2232 tetigi,
469 2194 612 2231 magna
638 2188 674 2218 et
702 2181 901 2230 culpabilis
935 2188 990 2218 est
1024 2182 1165 2219 cecitas
1199 2181 1486 2219 mundanorum
1518 2184 1816 2245 quiffliieghssessejvffio

257 2252 513 2303 principaliter
542 2258 705 2300 querunt
736 2251 782 2288 de
812 2251 952 2289 clerico
982 2258 1170 2300 quantum
1200 2259 1326 2301 potest
1355 2253 1583 2302 expendere,
1598 2253 1841 2319 {¹n0gssggofftffiessg

257 2334 375 2372 quam
396 2321 593 2370 splendide
614 2321 672 2358 vel
695 2328 919 2370 sumptuose
948 2321 1162 2370 disponitur
1189 2322 1227 2358 in
1257 2335 1423 2371 persona
1444 2336 1523 2371 sua,
1545 2325 1583 2361 in
1597 2320 1837 2386 Esssdessggiifffoe

258 2393 374 2431 domo
410 2392 486 2430 sive
519 2391 671 2436 familia,
699 2397 734 2429 et
768 2391 980 2429 secundum
1014 2391 1118 2428 illam
1152 2394 1505 2432 monstruositatem
1541 2407 1585 2433 ac
1599 2390 1713 2421 ⁰²⁰⁰e³³

41 2469 122 2499 Fol.
135 2469 197 2498 113
211 2469 244 2498 b.
259 2462 457 2499 materiam
495 2461 830 2499 habundancionis
864 2461 882 2480 *
917 2462 1116 2499 dedecoris
1150 2463 1358 2501 attribuunt
1393 2465 1463 2502 sibi
1498 2466 1586 2504 irre-

259 2532 439 2582 gulariter
459 2532 545 2582 plus
566 2532 734 2569 honoris.
792 2532 841 2569 Et
861 2532 1206 2581 correspondentes
1235 2534 1440 2584 irreligiose
1461 2536 1587 2585 queri-

259 2615 346 2640 mus
366 2609 553 2652 quantum
574 2603 671 2640 valet
690 2602 921 2640 beneficium
945 2603 1247 2641 ecclesiasticum
1268 2606 1373 2654 quod
1395 2613 1586 2655 optamus,

259 2673 501 2710 intendentes
539 2673 694 2710 indubie
732 2672 881 2711 lucrum
911 2673 1026 2711 seculi
1059 2685 1139 2710 non
1173 2675 1306 2720 meriti,
1342 2676 1438 2713 sicut
1471 2688 1588 2725 opera

261 2744 416 2793 propria
437 2755 510 2781 nos
530 2744 772 2781 convincunt.
828 2743 888 2780 Ex
910 2743 990 2780 istis
1010 2743 1196 2781 discretus
1226 2744 1439 2783 katholicus
1462 2754 1587 2795 potest
1601 2759 1848 2826 ἐίῗέῗῃξῑὲὶυξιο

1632 2815 1639 2819 ,
1801 2805 1855 2821 ow.

207 2830 246 2862 35
262 2813 440 2863 colligere
481 2813 586 2864 quod
628 2813 913 2860 inclinaciones,
938 2813 1248 2863 genuflecciones
1287 2821 1323 2852 et
1346 2827 1587 2867 quecumque
1601 2827 1656 2860 ing.
1670 2830 1856 2860 genuflection

630 2893 641 2911 ²
665 2894 702 2924 si.
975 2893 987 2911 ²
1010 2893 1166 2934 veniente,
1185 2903 1217 2925 Α.
