2018 3401
665 313 730 344 DE
762 312 958 345 OFFICIO
991 311 1149 343 REGIS.
1769 310 1848 352 207

243 420 346 458 homo
368 420 508 470 fuerit,
547 419 623 456 sive
660 418 815 464 animal,
854 418 930 455 sive
968 430 1070 466 ager,
1108 429 1180 453 non
1219 414 1428 462 vmzdelm‘¹‚
1467 429 1573 464 neque

241 493 378 528 redimi
392 491 539 540 polerit.
598 490 647 526 Et
696 489 867 539 sequitur
901 488 940 525 in
974 488 1073 525 fine:
1110 487 1161 524 Si
1185 488 1269 536 quis
1302 487 1509 532 mutaverit,
1543 492 1576 523 el

239 564 340 612 quod
373 567 552 600 mutatum
589 565 643 598 esl
676 565 710 598 el
736 568 811 610 pro
849 573 919 610 quo
958 564 1137 596 mulalum
1177 564 1235 604 est,
1275 558 1574 608 sancll'ficabz‘lur

241 634 413 680 Domino,
442 638 476 671 el
501 646 572 670 non
601 633 811 669 redimetur.
868 632 949 668 Hac
978 635 1066 668 sunl
1084 635 1254 680 precepta
1284 644 1349 678 que
1382 631 1576 668 mandam

240 706 437 744 Dominus.
492 705 553 742 Ex
582 705 654 743 isto
683 710 792 741 textu
819 704 1002 753 scripture
1032 710 1196 752 arguunt
1225 702 1332 739 multi
1360 702 1465 752 quod
1492 715 1571 740 non
1583 715 1636 740 We
1649 719 1722 741 must
1736 721 1801 741 note

1768 750 1775 762 ι
1792 758 1799 763 ,

241 777 327 815 licet
358 776 583 826 temporalia
611 781 837 814 consecrata
864 775 1025 812 ecclesie
1048 775 1204 820 auffere,
1226 773 1294 811 sed
1314 786 1440 823 neque
1471 774 1569 811 redi-
1584 749 1848 842 ‘siissrtalssasslywegon'

239 861 343 886 mere
365 847 468 898 quod
489 855 545 884 est
564 847 703 885 minus.
763 846 839 884 Pro
859 846 931 883 isto
952 852 1057 883 textu
1084 845 1297 882 notandum
1318 845 1442 894 primo
1463 845 1570 894 quod
1583 822 1840 883 ffisssssseawgssgssiff

238 919 330 956 illud
350 920 485 956 dicitur
512 925 688 956 sanetum
715 924 751 954 et
771 917 930 955 domino
957 923 1221 954 consecratum
1241 916 1347 965 quod
1368 923 1424 953 est
1445 916 1573 954 divino

238 990 353 1027 cultui
389 990 606 1040 specialiter
639 989 878 1038 deputatum,
914 988 990 1025 sive
1025 988 1072 1025 sit
1104 987 1226 1025 bestia
1263 987 1493 1036 ymolaticia,
1531 994 1572 1024 ut

187 1069 226 1091 10
239 1063 323 1108 bos,
338 1062 419 1098 ovis
435 1069 470 1099 et
491 1073 617 1110 capra,
634 1061 710 1097 sive
732 1060 852 1097 homo
873 1059 971 1097 ultra
992 1071 1198 1096 comunem
1220 1058 1408 1108 populum
1428 1070 1571 1096 vovens

20 1423 32 1445 1
50 1413 139 1446 Sam.
158 1415 178 1447 i.

15 1568 139 1600 Numb.
151 1569 197 1600 iii.

18 1621 112 1644 1—10.

237 1144 277 1169 se
307 1132 480 1181 religiose
510 1132 647 1169 servire
679 1131 864 1176 Domino,
895 1131 972 1167 sive
1001 1130 1048 1167 sit
1076 1130 1217 1167 domus
1245 1130 1304 1167 vel
1334 1142 1425 1179 ager
1454 1130 1570 1167 cultui

235 1203 368 1252 templi
406 1215 474 1252 per
511 1202 720 1240 sacerdotis
758 1202 815 1239 vel
854 1202 1007 1239 alterius
1055 1201 1310 1238 ministerium
1355 1201 1570 1250 deputatus.

236 1273 418 1311 Secundo
434 1272 447 1292 ²
467 1274 681 1311 notandum
698 1274 802 1323 quod
823 1273 931 1310 multi
948 1279 1057 1310 erant
1073 1272 1214 1321 gradus
1229 1272 1567 1310 consecracionum
1582 1279 1721 1346 ffigr‘sshgree
1734 1290 1782 1308 are
1827 1315 1840 1341 s

1660 1323 1667 1333 r
1715 1325 1795 1347 grees
1808 1325 1824 1341 o

234 1344 464 1390 huiusmodi,
479 1351 519 1382 ut
540 1345 656 1394 aliqui
672 1352 855 1382 voverunt
877 1356 917 1381 se
937 1351 1126 1393 perpetuo
1142 1343 1344 1380 servituros
1360 1343 1399 1380 in
1413 1343 1567 1392 templo,
1581 1350 1773 1408 ξὲἓςξὲξῗῑῐοη
1787 1351 1819 1376 os

234 1422 274 1452 ut
294 1422 398 1464 patet
418 1415 464 1453 de
488 1415 665 1453 Samuele
692 1428 723 1452 1.
747 1415 844 1464 Reg.
873 1422 912 1451 10
933 1427 980 1451 ex
1001 1421 1092 1452 voto
1121 1421 1324 1461 matern03
1354 1414 1415 1451 alii
1441 1422 1569 1452 autem

234 1486 281 1524 de
321 1487 421 1524 tribu
460 1486 550 1524 Levi
592 1494 702 1524 erant
740 1487 959 1536 ubicunque
990 1486 1253 1523 habitaverunt
1281 1493 1321 1523 ut
1350 1486 1571 1524 sacerdotes

233 1558 290 1596 vel
324 1558 456 1596 Levite
491 1558 734 1606 singulariter
769 1557 942 1595 Domino
978 1557 1204 1603 consecrati,
1239 1563 1280 1594 ut
1314 1563 1418 1606 patet
1453 1556 1569 1594 Num.

236 1637 290 1677 30,
310 1630 374 1667 ubi
407 1630 569 1667 limitato
595 1630 648 1667 eis
677 1629 890 1666 ministerio
919 1629 1048 1677 templi
1079 1636 1116 1666 et
1136 1641 1315 1666 vasorum
1346 1635 1567 1666 sanctorum

277 1727 287 1745 ¹
310 1728 473 1766 venditur⁷
490 1736 523 1759 Α.

275 1781 287 1798 '⁴'
303 1784 347 1813 ln
357 1782 496 1823 pedibus
504 1787 602 1823 pagg.
621 1792 662 1821 43
679 1787 709 1813 el
724 1795 742 1821 4
747 1781 790 1821 3¹,
808 1782 883 1812 MS.
898 1782 941 1812 B.
955 1782 1031 1812 hacc
1041 1786 1117 1813 nola
1127 1782 1247 1822 scripta
1263 1785 1309 1812 est
1325 1792 1429 1812 manu
1441 1782 1567 1823 prima.

232 1834 386 1865 —Notaz
418 1834 496 1865 Non
525 1834 677 1875 intelligo
706 1834 804 1876 plane
831 1834 1000 1874 quomodo
1028 1834 1146 1864 domus
1169 1833 1221 1865 vel
1253 1844 1331 1874 ager
1358 1839 1439 1865 esset
1467 1833 1567 1864 cultui

232 1886 348 1927 templi
372 1897 429 1927 per
451 1886 631 1917 sacerdotis
646 1885 698 1917 vel
721 1886 855 1917 alterius
880 1886 1095 1917 ministerium
1120 1887 1306 1927 deputatus,
1332 1887 1388 1918 sed
1413 1887 1497 1918 sorte
1521 1887 1567 1918 sie

232 1938 398 1979 intelligit,
410 1937 499 1979 quod
515 1938 633 1969 domus
646 1937 697 1969 vel
714 1948 793 1978 ager
809 1938 986 1979 deputatus
1002 1942 1050 1969 est
1067 1938 1180 1969 (livino
1197 1938 1299 1969 cultui
1317 1949 1373 1979 per
1390 1938 1568 1969 sacerdotis

230 1990 282 2021 vel
310 1990 442 2022 alterius
470 1989 685 2021 ministerium
713 1990 845 2031 quando
871 1990 1021 2021 sacerdos
1044 1990 1095 2021 vel
1124 1990 1206 2022 alter
1230 1991 1328 2022 habet
1359 1991 1497 2022 tutelam
1528 1990 1568 2021 de

230 2042 418 2073 huiusmodi
449 2044 544 2075 rebus
573 2053 629 2073 seu
656 2042 840 2073 custodiam
868 2042 957 2083 quod
989 2043 1053 2074 sint
1084 2043 1125 2073 ad
1158 2043 1316 2073 honorem
1344 2043 1396 2074 dei
1429 2042 1568 2074 fideliter

230 2095 433 2130 ministrata;
469 2095 620 2127 scribitur
651 2099 760 2125 autem
791 2094 897 2125 Levit.
928 2103 964 2124 22
993 2094 1111 2125 saltem
1143 2095 1393 2133 sentencialiter,
1419 2094 1506 2136 quod
1540 2096 1565 2125 si

230 2157 368 2188 persona
383 2157 576 2178 consecrans
595 2146 731 2177 domum
747 2146 798 2177 vel
818 2156 932 2185 agrum
949 2146 989 2176 de
1013 2146 1195 2177 hereditate
1217 2152 1354 2187 paterna
1375 2158 1448 2178 curn
1467 2146 1566 2178 vellet

230 2199 400 2237 redimere,
411 2203 489 2229 tunc
499 2198 591 2229 alteri
603 2198 801 2235 venderetur,
813 2208 877 2238 quo
888 2198 975 2229 facto
986 2208 1049 2228 non
1063 2203 1172 2239 posset
1180 2209 1251 2229 eum
1264 2205 1339 2239 post
1349 2210 1386 2230 ea
1398 2199 1564 2230 redimere.

231 2249 294 2281 Sed
311 2254 388 2282 tune
405 2251 550 2291 arguitur
566 2251 632 2281 sic:
658 2249 736 2280 (lato
754 2249 840 2290 quod
858 2249 1018 2281 alienaeio
1036 2249 1125 2281 fieret
1142 2250 1188 2281 sic
1205 2250 1292 2291 quod
1310 2251 1411 2282 altera
1428 2261 1566 2292 persona

231 2312 250 2332 a
273 2301 344 2332 viro
368 2306 578 2334 consecrante
601 2301 839 2342 possessionem
864 2306 1087 2332 consecratam
1112 2302 1284 2333 redimeret
1308 2313 1369 2344 que
1394 2314 1459 2334 non
1484 2303 1566 2334 foret

230 2353 375 2385 eiusdem
400 2354 502 2384 tribus
526 2364 599 2384 eum
623 2363 761 2394 persona
785 2358 1006 2390 consecrante,
1028 2357 1105 2383 tunc
1129 2354 1215 2385 sacta
1243 2354 1324 2385 foret
1351 2355 1564 2385 terminorum

230 2406 372 2446 proximi
389 2406 562 2437 translacio
579 2410 691 2436 eontra
708 2405 814 2445 legem
837 2405 995 2436 Deutron.
1017 2410 1090 2446 19⁰3
1114 2406 1194 2446 eque
1211 2406 1302 2437 sicud
1323 2406 1348 2436 si
1366 2407 1468 2437 tribus
1485 2407 1565 2438 Levi

230 2458 363 2489 haberet
379 2469 491 2498 agrum
516 2458 570 2489 hic
592 2462 647 2488 aut
670 2457 805 2487 domum
822 2461 1042 2487 consecratam
1061 2457 1092 2487 in
1111 2467 1169 2488 sua
1186 2459 1411 2498 possessione;
1435 2469 1513 2500 ergo
1530 2464 1565 2490 ut

230 2510 276 2541 sic
292 2509 418 2540 videtur
433 2509 544 2550 glossa
565 2509 622 2540 illa
644 2508 787 2539 adducta
803 2512 914 2539 tenens
935 2508 1123 2539 huiusmodi
1144 2520 1258 2550 agmm
1275 2515 1330 2541 aut
1345 2510 1480 2541 domum
1500 2521 1563 2542 non

231 2566 341 2602 posset
355 2562 466 2593 cedere
483 2566 643 2603 perpetuo
661 2562 692 2592 in
711 2560 948 2601 possessionem
966 2561 1173 2592 sacerdotum
1190 2572 1230 2593 ne
1247 2561 1336 2593 fieret
1352 2563 1563 2593 terminorum

232 2612 373 2654 proximi
398 2613 575 2644 translacio
598 2624 661 2644 non
686 2617 734 2644 est
758 2611 876 2649 valida,
898 2623 971 2643 cum
993 2613 1174 2644 consimilis
1195 2614 1372 2645 translacio
1390 2613 1478 2645 fieret
1495 2625 1564 2655 per-

231 2675 312 2695 sona
335 2665 465 2696 alterius
489 2666 592 2696 tribus
618 2676 638 2696 a
660 2675 796 2706 persona
819 2669 1029 2695 consecrante
1060 2665 1166 2705 ipsum
1198 2676 1310 2706 agrum
1341 2676 1396 2696 seu
1428 2666 1562 2696 domum

231 2716 419 2747 huiusmodi
450 2716 639 2748 redimente.
699 2715 763 2747 Vel
794 2726 873 2756 ergo
902 2721 1031 2757 oportet
1055 2716 1100 2747 sic
1124 2717 1311 2757 opinantem
1339 2717 1447 2748 dicere
1474 2717 1562 2758 quod

231 2769 340 2801 nullus
357 2769 492 2801 alterius
512 2771 615 2801 tribus
635 2781 653 2801 a
674 2780 812 2812 persona
832 2774 1040 2802 consecrante
1062 2775 1172 2811 posset
1189 2781 1255 2802 rem
1279 2771 1465 2802 huiusmodi
1486 2782 1562 2802 eon-

232 2826 390 2853 sectatam
410 2822 577 2860 redimere,
595 2822 647 2854 vel
664 2822 751 2864 quod
769 2832 851 2863 eque
867 2828 940 2863 post
957 2832 1077 2852 annum
1095 2822 1250 2853 iubilcum
1276 2823 1307 2853 in
1324 2824 1561 2864 possessionem

231 2878 389 2915 perpetuo
406 2873 530 2905 cederet
547 2875 764 2913 sacerdotum,
776 2874 865 2905 sicud
884 2875 914 2904 in
934 2873 1169 2915 possessionem
1186 2874 1317 2906 alterius
1334 2874 1438 2906 fructu
1455 2874 1563 2906 huius-

232 2924 324 2955 modi
341 2924 387 2956 rei
405 2930 591 2956 consecrate
606 2936 697 2957 sacro
713 2925 784 2957 usui
801 2926 997 2966 deputando.
