2018 3401
726 307 791 337 DE
824 307 1019 338 OFFICIO
1052 307 1206 338 REGIS.
1830 310 1908 352 153

78 422 209 453 Decret.
292 413 453 450 consilio
497 425 596 462 pape
643 411 801 449 Martini
843 413 895 450 sic
935 412 1131 449 scribitur:
1172 417 1326 461 propter
1363 413 1622 449 ecclesiasticas
1637 421 1712 447 lords
1725 421 1868 460 exremis-ed

77 466 280 549 ἓιὲ·ιῗ(νω’
294 497 426 521 causas
445 489 478 521 et
494 485 778 521 altercacionum
797 484 1093 533 signficaciones
1112 484 1195 521 bene
1204 484 1356 531 placuit
1364 490 1434 531 per
1452 484 1624 531 singulas
1637 462 1805 521 ζιῗῑῐῐῖἓιτῗῑιῗ

287 557 508 604 provincias
527 556 582 592 bis
605 557 644 592 in
664 568 760 591 anno
779 556 972 591 concilium
989 555 1094 605 fieri,
1115 559 1331 591 convocante
1351 556 1624 603 metropolitano

296 628 454 676 episcopo
491 637 610 663 omnes
641 626 892 675 provinciales
934 627 1121 675 episcopos.
1197 625 1266 662 Ad
1299 627 1397 674 quod
1431 627 1626 662 concilium

266 710 284 741 5
298 699 448 734 veniant
473 710 593 734 omnes
613 697 817 746 presbiteri
839 701 873 733 et
898 698 1050 733 diaconi
1068 698 1126 734 vel
1151 698 1211 734 liii
1234 698 1301 746 qui
1322 710 1357 733 se
1384 698 1471 734 lesos
1491 698 1623 734 existi-

296 774 408 814 mant,
448 773 490 806 ut
525 770 564 805 in
602 769 752 805 concilio
790 781 896 804 cause
932 769 1142 805 examinate
1180 768 1234 804 ad
1271 770 1405 805 iustum
1445 769 1622 804 iudicium

285 840 550 888 perducantur.
624 838 682 875 Et
716 840 753 875 si
789 840 859 886 qui
891 839 1083 888 manifeste
1119 840 1283 888 episcopi,
1317 839 1516 887 presbiteri
1557 843 1625 875 aut
1638 847 1882 910 Iqtsslccssrflajsseh

295 911 446 946 diaconi
461 911 603 946 inventi
606 911 759 957 fuerint
778 911 817 946 in
838 909 972 959 ffvzsa
991 911 1184 946 seczmdum
1205 911 1387 947 racionem
1408 911 1619 947 excomuni-
1633 889 1913 977 ‹lifiggtiliiifssissotwl‘gr

296 986 422 1018 centur
446 981 623 1029 quamdiu
651 993 731 1017 cum
752 993 925 1017 consensu
944 981 1095 1029 placuit
1120 982 1161 1017 de
1186 981 1261 1017 biis
1284 982 1374 1017 dare
1393 983 1621 1018 sentenciam.
1635 959 1903 1011 {hufciilgggiicclils-

79 1057 125 1086 33
143 1058 178 1086 b.
298 1051 412 1089 Unde
434 1052 538 1101 quod
558 1052 728 1101 episcopi
760 1051 898 1088 debent
928 1051 1122 1089 notificare
1149 1053 1227 1089 suis
1254 1052 1424 1089 ecclesiis
1447 1051 1465 1070 '⁸
1489 1064 1564 1100 que
1586 1052 1625 1088 in

297 1122 392 1159 hfigl
414 1122 585 1160 conciliis
606 1129 819 1160 statuuntur
848 1129 954 1171 patet
983 1135 1029 1159 ex
1060 1122 1293 1160 diffinicione
1323 1123 1472 1160 concilii
1494 1122 1625 1160 Tolle-

78 1191 130 1223 Cf·
149 1192 282 1242 Decr-et·
298 1193 397 1230 tani:
447 1192 689 1230 Decrevimus
727 1197 769 1229 ut
803 1194 887 1230 dum
927 1195 966 1230 in
1007 1194 1167 1241 qualibet
1193 1195 1394 1242 provincia
1433 1196 1626 1231 concilium

79 1243 111 1310 tc:
127 1235 222 1310 >Ii-'‘Q-
240 1245 263 1268 ι’
298 1265 468 1312 agitatur
504 1265 750 1312 unusquisque
785 1265 1028 1313 episcoporum
1068 1266 1378 1302 admonicionibus
1411 1267 1488 1301 suis
1519 1266 1557 1301 in
1581 1278 1627 1301 ra

298 1348 368 1372 sex
394 1336 570 1371 mensium
599 1336 724 1383 spacia
754 1347 870 1372 omnes
903 1335 1056 1380 abbates,
1077 1336 1310 1384 presbiteros,
1333 1337 1501 1372 diaconos
1522 1340 1627 1384 atque

249 1409 286 1441 15
299 1406 457 1452 clericos,
477 1419 538 1442 seu
565 1407 676 1442 eciam
707 1419 808 1442 omne
835 1410 1043 1443 conventum
1074 1408 1236 1443 civitatis
1261 1408 1377 1455 rpsius
1401 1407 1468 1443 ubi
1483 1414 1628 1456 preesse

298 1477 512 1522 dinoscitur,
535 1490 598 1513 nec
624 1489 696 1513 non
723 1481 756 1513 et
783 1481 948 1514 cunctam
979 1478 1126 1514 diocesis
1158 1490 1220 1514 sue
1240 1478 1377 1526 plebem
1404 1490 1629 1527 congregare

298 1560 525 1596 nequaquam
546 1553 708 1584 moretur
727 1553 902 1597 quatenus
922 1561 1045 1585 coram
1067 1549 1116 1585 eis
1126 1549 1338 1597 plenissime
1357 1554 1490 1586 reseret
1507 1550 1628 1586 onmia

297 1631 364 1667 que
395 1619 509 1655 eodem
540 1631 637 1655 anno
668 1620 706 1654 in
739 1619 889 1655 concilio
920 1624 1004 1656 acta
1039 1620 1096 1656 vel
1122 1620 1280 1669 diffinita
1313 1633 1385 1657 esse
1416 1624 1627 1658 noscuntur.

303 1689 411 1735 Quod
438 1691 476 1725 si
501 1690 682 1737 quispiam
707 1690 769 1726 lu‘c
792 1691 1096 1738 parvipendenda
1127 1702 1198 1727 esse
1228 1691 1424 1728 crediderit
1447 1692 1628 1728 sentencia

248 1770 288 1791 20
299 1761 653 1797 excomunicaczonzs
690 1761 844 1797 duorum
886 1762 1061 1797 mensium
1109 1762 1248 1798 circulo
1290 1763 1465 1810 persistat
1500 1774 1628 1810 usque-

298 1843 439 1880 quaque
458 1831 642 1868 multatus.
699 1831 749 1868 Et
768 1831 885 1869 multe
907 1840 994 1869 sunt
1013 1832 1143 1881 legum
1164 1833 1445 1871 concordancie
1466 1845 1537 1882 pro
1556 1833 1627 1870 ista

299 1902 503 1939 sentencia.
561 1902 609 1938 In
630 1902 708 1939 istis
729 1908 857 1940 autem
878 1903 1037 1951 synodis
1059 1903 1173 1940 debet
1199 1903 1400 1952 diligenter
1419 1904 1557 1954 inquiri
1578 1904 1624 1941 de
1641 1915 1673 1940 In
1687 1914 1907 1953 thnesecrmncsss

299 1973 386 2011 cleri
416 1973 625 2022 quantitate
655 1980 692 2010 et
722 1973 901 2023 qualitate
932 1974 1104 2012 absolute
1129 1974 1168 2011 in
1190 1987 1230 2012 se
1250 1975 1347 2024 ipso,
1368 1981 1405 2012 et
1426 1975 1474 2013 de
1494 1987 1622 2013 exem—
1638 1949 1905 2041 ἓὲᾳπιιιέἷεέἶῖἓῗὴε

81 2038 125 2067 B.
299 2044 394 2093 plari
415 2057 458 2081 ac
479 2044 611 2081 humili
632 2044 867 2082 ministeriali
887 2045 1204 2083 comunicacione
1226 2058 1314 2083 curn
1336 2046 1451 2083 laicis.
1509 2046 1623 2084 Unde
1637 2024 1848 2108 ΞΞεΞῖσιῑῗῖῗῗὴε

81 2114 212 2163 Βρῦϊθῒ·
300 2126 377 2164 quo
416 2115 465 2152 ad
511 2127 716 2152 numerum
764 2115 939 2152 scribitur
979 2122 1023 2164 30
1066 2116 1315 2153 decretalium
1363 2116 1423 2153 De
1462 2117 1537 2153 vita
1585 2123 1622 2154 et
1694 2092 1742 2115 by·

81 2158 271 2242 ἷῑξξῑῖῐέ9
300 2186 500 2222 honestate
538 2185 776 2232 clericorum,
821 2185 1016 2231 Quoniam,
1050 2190 1092 2222 ut
1126 2188 1204 2222 ait:
1251 2186 1470 2232 Statuimus‚
1503 2188 1776 2236 iuquit[<3reg0ry
1789 2200 1851 2232 vii]

301 2268 413 2305 papa,
452 2261 494 2292 ut
512 2255 767 2305 facultatibus
803 2257 1035 2293 ecclesiarum
1075 2262 1282 2294 vestrarum
1322 2258 1557 2305 proventibus
1595 2263 1628 2294 et

301 2328 471 2375 expensis
517 2328 707 2376 diligenter
750 2328 916 2375 inspectis
953 2333 1087 2364 certum
1126 2330 1164 2364 in
1202 2329 1252 2364 eis
1299 2329 1453 2365 valeatis
1490 2336 1626 2378 ponere

302 2410 493 2434 numerum
525 2398 753 2442 clericorum,
784 2402 818 2434 et
851 2402 1007 2435 statuere
1043 2402 1085 2434 ut
1118 2399 1209 2436 bona
1242 2412 1364 2436 eorum
1404 2402 1555 2437 veniant
1585 2401 1623 2436 in

249 2480 291 2511 30
303 2470 456 2515 comuni,
477 2473 510 2505 et
526 2470 565 2505 in
584 2482 660 2505 una
679 2469 780 2505 domo
800 2474 995 2506 vescantur
1013 2474 1117 2518 atque
1144 2470 1209 2506 sub
1240 2483 1311 2507 uno
1337 2475 1421 2507 tecto
1441 2472 1628 2508 dormiant

299 2546 334 2577 ct
357 2541 589 2588 requiescant.
646 2539 769 2588 Super
793 2552 871 2588 quo
891 2539 979 2577 dicit
999 2540 1150 2589 glossa:
1181 2542 1242 2577 illi
1252 2541 1413 2590 fructus
1432 2543 1630 2579 estimandi

298 2616 386 2648 sunt
412 2612 480 2658 qui
507 2615 704 2659 supersunt
733 2611 894 2647 deductis
922 2613 1100 2659 expensis,
1134 2616 1168 2648 et
1199 2613 1251 2648 ita
1283 2616 1334 2649 tot
1353 2617 1441 2649 sunt
1461 2614 1627 2661 ponendi

299 2683 426 2720 clerici
453 2682 491 2717 in
523 2683 678 2719 ecclesiis
712 2686 798 2730 quot
827 2694 875 2719 ex
898 2683 1099 2730 fiuctibus
1136 2684 1214 2719 illis
1252 2684 1389 2720 honeste
1425 2685 1625 2720 sustentari

292 2756 457 2802 possunt,
478 2758 519 2789 ut
538 2753 722 2801 allegatur
745 2765 812 2802 per
842 2753 967 2802 legem
997 2753 1256 2802 multiplicem.
1316 2753 1376 2790 Sic
1399 2753 1536 2802 igitur²
1557 2766 1621 2791 rex
1637 2767 1903 2827 {igffiffiiffigeffiw

248 2837 286 2868 35
302 2830 430 2874 posset
467 2835 700 2872 cognoscere
734 2830 920 2873 quantum
957 2824 1002 2862 de
1042 2825 1154 2862 bonis
1191 2823 1302 2861 Cristi
1343 2830 1378 2861 ct
1413 2825 1518 2873 regni
1559 2825 1624 2863 dat
1639 2834 1694 2860 will
1708 2834 1782 2860 leam
1796 2835 1858 2861 how

609 2901 614 2918 ³
642 2901 724 2939 istis,
743 2909 772 2932 B.
1149 2902 1160 2919 ²
1183 2913 1271 2943 ergo,
1291 2910 1319 2932 B.
