2018 3401
648 326 713 357 DE
743 325 935 359 OFFICIO
969 326 1122 358 REGIS.
1758 330 1833 359 221

233 431 410 469 secularis
430 431 579 481 collegii
600 432 639 468 in
659 444 737 482 quo
764 431 856 469 socii
886 437 1049 481 possunt
1077 430 1215 480 expelli
1245 438 1282 469 et
1310 431 1426 481 gratis
1456 432 1557 469 exire
1571 441 1810 501 ἓῗηςξξὲςίἓιιὲἒ

233 514 322 540 cum
343 503 428 552 plus
448 502 728 540 affectaverint¹
750 502 864 539 aliam
885 502 1106 539 comitivam
1119 501 1133 520 ²
1153 502 1234 539 sine
1254 502 1558 540 incarceracione
1573 508 1715 535 theirown
1728 509 1836 535 accord-

233 574 291 611 vel
316 574 389 611 alia
417 586 517 623 pena
545 573 690 611 mortis.
748 572 832 610 Nisi
859 585 951 622 ergo
980 573 1155 622 capitalia
1178 573 1303 623 puniri
1329 574 1561 623 potuerunt3

233 657 303 694 pro
325 646 402 682 suis
421 646 593 694 partibus
622 644 744 682 forent
775 644 933 681 sathane
963 644 1240 690 conventicula,
1264 657 1354 682 cum
1383 645 1562 694 gravibus

201 732 219 764 5
233 717 361 766 gravia
380 722 417 753 et
437 729 524 754 cum
545 716 688 753 levibus
703 715 797 754 levia
817 715 903 765 plus
925 728 1041 766 quam
1063 716 1329 754 conventicula
1350 716 1561 754 demonum

234 788 478 836 privilegiata.
535 787 681 825 Verum
702 793 830 825 tamen
851 787 890 823 in
912 787 1116 836 punicione
1139 787 1202 825 tali
1223 787 1422 837 inprovida
1442 788 1560 826 homo

234 866 364 908 posset
384 858 541 896 faciliter
562 859 723 896 deficere
744 871 766 895 a
787 858 915 896 medio
937 859 1135 896 virtuosos

289 930 491 976 Quantum
523 930 571 967 ad
604 937 658 978 3¹1¹
679 937 882 979 peccatum
906 936 1009 979 patet
1040 930 1129 967 alibi
1163 930 1360 980 quomodo
1391 932 1559 980 oportuit

232 1001 359 1051 legem
406 1013 545 1039 novam
588 1001 716 1039 induci
755 1001 803 1038 ad
842 1013 984 1039 novum
1019 1001 1108 1038 cleri
1145 1001 1371 1039 dominium.
1446 1002 1561 1040 Unde
1573 1010 1635 1036 The
1650 1010 1755 1044 Bishop
1773 1011 1806 1037 of

1576 1045 1665 1070 Rome
1679 1045 1729 1070 has

181 1094 221 1115 10
233 1072 389 1122 quando
418 1072 620 1122 episcopus
642 1071 844 1110 Romanus
864 1072 1039 1110 vendicat
1061 1085 1101 1110 se
1121 1085 1205 1110 esse
1227 1085 1358 1122 regem
1388 1073 1561 1111 condidit
1573 1078 1830 1138 ξὲἱιῑηέῗὶἶνῑνοὶἓζῗι-

233 1144 304 1180 sibi
324 1143 470 1192 legem;
501 1143 636 1181 Petrus
665 1150 793 1181 autem
823 1150 859 1180 et
889 1143 949 1180 alii
974 1144 1094 1181 sancti
1121 1143 1233 1181 Cristi
1254 1144 1382 1181 vicarii
1411 1144 1563 1182 fuerunt

234 1215 401 1252 contenti
434 1215 480 1252 de
511 1214 596 1263 lege
618 1214 742 1261 Cristi,
765 1214 833 1252 sed
866 1221 902 1252 et
931 1214 1005 1264 legi
1035 1214 1238 1253 hominum
1268 1221 1357 1252 sunt
1386 1216 1562 1262 subiecti,

17 1296 98 1328 Acts
109 1307 181 1328 xxv.
233 1287 328 1324 sicut
358 1292 462 1335 patet
493 1286 538 1323 de
575 1285 694 1324 Paulo
732 1284 749 1304 *
788 1286 873 1324 Act.
908 1296 967 1333 25,
1007 1286 1072 1335 qui
1106 1299 1129 1324 a
1162 1293 1286 1324 morte
1322 1287 1563 1325 sacerdotum

17 1369 176 1399 F01.165
188 1370 221 1399 b.
234 1364 438 1406 propterea
457 1364 514 1394 est
533 1357 709 1394 salvatus.
768 1356 993 1394 Introducta
1014 1363 1143 1394 autem
1164 1357 1249 1406 lege
1270 1358 1384 1395 tercia
1405 1370 1563 1395 necesse

16 1643 65 1672 46
82 1650 112 1671 a.

183 1442 220 1473 15
233 1435 290 1466 est
310 1428 449 1465 scisma
468 1435 503 1465 et
524 1428 850 1477 prevaricaciones
880 1427 1087 1466 blasfemas
1116 1428 1323 1466 succedere
1345 1429 1384 1466 in
1404 1429 1564 1466 ecclesia

233 1511 333 1544 cum,
355 1499 599 1548 magnificata
619 1498 702 1548 lege
722 1498 850 1548 papali
871 1498 930 1535 vel
950 1499 1066 1536 verbo
1088 1499 1146 1536 vel
1166 1511 1284 1549 opere
1305 1512 1418 1549 supra
1438 1500 1564 1550 legem

236 1570 361 1616 Cristi,
393 1577 544 1619 oportet
577 1569 920 1619 correspondentes
951 1582 1109 1607 censere
1140 1570 1222 1608 eius
1252 1571 1450 1620 legiferum
1480 1583 1564 1609 esse

234 1653 432 1690 magnum.
478 1640 528 1677 Et
548 1640 636 1678 ideo
658 1640 790 1677 dicunt
808 1639 824 1658 ²²
844 1640 1065 1678 seductores
1090 1640 1202 1678 huius
1224 1641 1316 1691 legis
1337 1642 1442 1691 quod
1462 1655 1563 1691 papa

235 1711 281 1748 sit
312 1711 407 1748 deus
438 1711 590 1755 mixtus,
615 1711 721 1761 quod
754 1711 785 1748 si
805 1717 862 1748 est
882 1711 977 1749 deus
1009 1711 1070 1748 ille
1103 1712 1258 1749 racione
1289 1713 1563 1750 conmixtionis

182 1782 424 1819 20extollitur
459 1794 572 1830 super
611 1781 824 1831 simplicem
862 1781 978 1819 deum
1017 1790 1201 1820 nostrum.
1259 1783 1409 1822 Veritas
1436 1784 1563 1834 itaque
1577 1793 1776 1853 Ehssssqutqlis

235 1860 293 1891 est
332 1853 436 1902 quod
475 1853 563 1891 licet
601 1853 791 1902 episcopis
830 1853 969 1890 nostris
1005 1859 1170 1891 statuere
1209 1854 1477 1892 ordinaciones
1516 1856 1563 1892 (16
1579 1836 1843 1926 ἓὶέἷεὲτιὲἓζέξίνέὲι-

236 1931 381 1973 quanto
410 1923 617 1961 fundantur
637 1930 673 1961 et
693 1930 908 1961 consonant
936 1924 1010 1973 legi
1033 1924 1157 1962 Cristi.
1217 1925 1334 1963 Unde
1365 1926 1565 1975 religiosus
1578 1916 1796 1995 ffissngsntcbffssff

237 1995 328 2032 ritus
345 1995 438 2033 foret
454 2007 588 2032 vocare
609 1995 670 2032 illa
690 2001 831 2032 statuta
850 1995 1064 2042 hominum,
1086 2002 1273 2044 tanquam
1295 1997 1563 2035 conclusiones
1577 1996 1802 2055 ffiyegs‘ssssisse

236 2066 422 2116 practicas
457 2079 503 2103 ex
537 2066 621 2116 lege
656 2066 766 2103 Cristi
799 2066 955 2111 elicitas,
989 2072 1025 2103 et
1056 2066 1113 2103 vel
1147 2079 1225 2104 non
1255 2079 1338 2105 esse
1373 2068 1477 2116 leges
1508 2069 1563 2105 vel
1578 2063 1668 2088 Which
1682 2062 1704 2088 ³⁵
1719 2064 1765 2089 ‘he
1786 2064 1843 2089 ⁵⁰¹⁰

1578 2105 1674 2121 source
1687 2097 1718 2121 os
1727 2097 1798 2123 their

184 2137 339 2187 25leges
374 2137 488 2175 Cristi
522 2144 558 2174 et
593 2149 660 2174 sue
685 2137 857 2174 ecclesie.
914 2137 964 2174 Et
993 2137 1348 2186 quomodocunque
1382 2129 1730 2176 vocenturamhffii‘y‘

238 2222 316 2248 non
347 2210 433 2259 plus
462 2210 698 2247 credendum
727 2217 783 2247 est
805 2210 930 2247 verbis
960 2210 1128 2259 epistolis
1149 2210 1206 2247 vel
1237 2211 1385 2259 legibus
1415 2213 1564 2249 romani

237 2280 437 2330 pontificis,
482 2281 553 2318 nisi
603 2280 650 2318 de
698 2288 842 2330 quanto
890 2279 1028 2318 fuerint
1077 2280 1233 2318 fundata
1281 2282 1320 2318 in
1369 2283 1562 2331 scriptura.

239 2351 347 2389 Patet
378 2352 502 2401 primo
540 2363 586 2388 ex
622 2351 696 2388 hoc
726 2351 830 2400 quod
860 2351 986 2389 omnis
1019 2352 1156 2389 veritas
1195 2359 1250 2390 est
1290 2353 1328 2389 in
1367 2354 1562 2403 scriptura,
1578 2363 1842 2423 f⁰f({}‘³1¹l{5¹¹·¹h

239 2423 326 2460 ideo
358 2423 387 2460 si
422 2423 467 2459 sit
501 2423 638 2460 veritas
671 2422 728 2459 vel
767 2422 870 2459 racio
910 2422 948 2459 in
980 2422 1060 2460 istis
1090 2422 1237 2472 legibus
1273 2431 1424 2473 oportet
1459 2406 1842 2475 ᾳυο(11ῗιτιέ;ιὶῗε)τέῑζῖζρ”

1578 2465 1719 2489 whatever
1732 2466 1807 2490 truth
1823 2465 1844 2490 is

186 2502 226 2532 30
240 2493 531 2530 fundamentum
580 2492 718 2530 habeat
757 2493 794 2529 in
837 2493 1032 2542 scriptura.
1090 2494 1140 2531 Et
1179 2494 1248 2532 hec
1298 2496 1399 2534 racio
1447 2498 1777 2546 quarem1l1e-*22‘1-w·S

1578 2538 1651 2557 must
1665 2531 1735 2557 have
1750 2532 1785 2557 its

241 2563 400 2613 epistule
434 2563 639 2601 decretales
678 2564 824 2600 tociens
863 2563 1033 2601 alludunt
1075 2566 1246 2613 partibus
1281 2565 1832 2624 scripturarum,55351121111Scriv-

240 2642 276 2672 et
310 2646 427 2683 quare
466 2634 553 2671 dicti
592 2635 774 2683 prepositi
814 2641 960 2671 tantum
1000 2635 1158 2673 dilatant
1201 2636 1418 2674 facultatem
1456 2638 1563 2675 theo-

242 2705 416 2754 logicam,
439 2717 527 2742 cum
548 2717 618 2742 nec
640 2705 738 2743 facta
766 2717 835 2742 nec
857 2705 957 2742 dicta
986 2718 1055 2743 nec
1087 2707 1224 2755 scripta
1254 2719 1387 2744 eorum
1417 2708 1564 2746 admitti

244 2776 408 2814 debeant
439 2776 509 2813 nisi
543 2776 589 2813 de
620 2784 764 2826 quanto
796 2776 982 2814 docentur
1012 2789 1080 2825 per
1111 2777 1315 2827 theologos
1346 2778 1496 2816 fundari
1525 2780 1563 2816 in

190 2852 229 2884 35
244 2847 390 2897 legibus
405 2846 493 2884 Iesu
509 2846 618 2884 Cristi
636 2847 779 2884 domini
802 2848 933 2884 nostri.
988 2847 1167 2886 Secundo
1190 2850 1374 2898 probatur
1394 2850 1563 2898 predicta

331 2928 341 2946 ¹
366 2928 572 2967 affectaverit,
591 2928 686 2961 MSS.
821 2930 832 2946 ²
855 2930 1033 2962 comitiam.
1054 2939 1086 2961 Α.
1224 2930 1234 2947 ³
1260 2936 1417 2971 poterunt,
1438 2939 1466 2961 B.
