2018 3401
696 318 759 349 DE
791 317 985 349 OFFICIO
1019 317 1172 349 REGIS.
1769 321 1848 363 239

243 423 386 469 talium,
408 423 473 460 ubi
493 422 602 460 tradit
623 422 736 459 nimis
760 422 915 459 civiliter
937 434 1008 470 pro
1033 420 1164 470 regula
1194 428 1379 469 tanquam
1400 421 1569 458 maxima

242 493 437 531 iudicandi
458 492 561 543 quod
585 492 806 542 quicunque
833 493 871 529 in
901 492 991 529 data
1018 492 1183 529 anterior
1211 491 1324 529 debet
1348 491 1506 540 preferri
1533 498 1570 529 et

244 564 297 601 sic
319 563 366 601 de
387 563 566 601 maximis
586 564 668 600 aliis
690 564 871 600 anticristi
892 569 933 599 ut
954 569 1057 611 patet
1078 562 1177 599 alibi.

295 633 359 670 Ad
392 634 552 670 tercium
589 640 775 682 punctum
804 633 1066 682 principalem,
1101 638 1205 681 patet
1238 645 1285 669 ex
1321 631 1429 670 dictis
1463 632 1568 681 quod
1580 634 1692 695 2322&
1695 636 1711 695 ἐ
1725 645 1771 696 ξιοπῐι
1785 679 1835 703 <ay

209 703 364 746 5clerus
394 705 443 740 ab
472 703 604 740 infimo
633 703 832 741 sacerdote
859 715 981 752 usque
1009 703 1058 741 ad
1091 703 1317 740 Romanum
1344 703 1566 752 pontificem
1580 702 1628 735 ing
1643 703 1701 728 that
1717 704 1836 736 Bishops

1579 736 1680 761 should
1694 737 1745 762 obe

241 773 355 811 debet
374 774 508 823 pocius
528 773 706 811 humilius
727 780 762 811 et
782 774 1028 823 multiplicius
1044 774 1200 811 obedire
1217 773 1376 811 domino
1394 773 1565 811 seculari.
1580 746 1773 829 ffiffcfffflflg‘

240 843 355 881 Unde
386 843 685 893 dogmatisantes
716 845 936 893 oppositum
968 845 1109 882 nedum
1144 846 1339 882 incurrunt
1378 844 1566 882 offensam

240 914 301 951 dei
335 914 399 963 qui
429 914 547 951 voluit
577 927 624 952 ex
658 921 791 952 mutua
821 915 1049 952 obediencia
1083 916 1286 953 ecclesiam
1320 927 1403 953 esse
1434 927 1566 960 unum,

240 996 312 1021 nec
351 984 477 1021 solum
519 985 707 1023 offensam
745 998 909 1034 persone
947 986 1108 1023 ecclesie
1147 998 1222 1034 que
1258 986 1332 1023 hoc
1367 993 1565 1035 unguento

188 1064 228 1087 10
239 1055 352 1103 capiti
372 1061 579 1101 catenatur,
597 1056 664 1093 sed
680 1056 870 1093 offensam
886 1057 1156 1106 episcoporum
1177 1064 1213 1094 et
1234 1057 1320 1094 cleri
1342 1069 1412 1105 pro
1429 1057 1567 1106 quibus

24 639 66 669 L.

21 1270 70 1300 49
87 1270 123 1300 b.

185 1417 223 1449 15

22 1701 103 1732 1⁸01.
116 1702 183 1734 170
190 1700 224 1730 b.

21 1770 72 1802 Ps.
89 1770 144 1802 vii.
163 1779 212 1802 12.

20 1983 88 2026 Jos.
102 1995 131 2015 x.
152 1994 201 2026 14.

21 2128 72 2158 M.

20 2400 106 2433 Phil.
123 2400 156 2433 ii.
172 2401 203 2432 8.

239 1125 414 1162 videntur
434 1125 636 1174 sophistice
657 1139 870 1175 procurare.
929 1127 1108 1164 Finaliter
1132 1128 1234 1164 enim
1261 1127 1566 1177 deprehendetur

239 1208 374 1233 eorum
413 1196 576 1234 stulticia
613 1198 678 1245 qui
717 1197 976 1246 dogmatisant
1015 1198 1120 1247 quod
1165 1198 1286 1235 clerus
1331 1210 1409 1235 non
1453 1198 1566 1235 debet

239 1267 406 1304 dominis
440 1267 670 1304 secularibus
705 1268 839 1305 saltem
871 1268 1025 1317 proprie
1060 1269 1227 1306 obedire.
1287 1267 1304 1287 *
1364 1268 1426 1305 Ad
1460 1269 1566 1319 quod

238 1337 375 1375 faciam
396 1338 579 1387 triplicem
602 1338 807 1376 racionem.
865 1338 993 1375 Prima
1013 1338 1096 1376 talis
1118 1339 1243 1376 omnis
1259 1339 1373 1376 virtus
1393 1347 1563 1377 creature
1576 1345 1683 1405 (ἓξὲξ)
1695 1345 1812 1405 {frgi'e'

237 1407 442 1446 racionalis
469 1415 526 1445 est
551 1409 818 1457 exemplariter
842 1409 880 1445 in
907 1420 977 1446 suo
998 1409 1165 1457 analogo
1186 1409 1224 1445 in
1245 1410 1439 1458 sapiencia
1459 1422 1563 1447 crea-
1578 1412 1845 1472 ffignsssstfflffgissoe

238 1479 342 1515 toris.
401 1478 476 1516 Sed
504 1479 732 1516 obediencia
758 1479 926 1517 hominis
956 1486 1011 1516 est
1032 1480 1214 1529 precipua
1234 1480 1362 1525 virtus,
1385 1480 1467 1517 sine
1489 1492 1565 1529 qua
1579 1479 1822 1539 (ἓξὲξξῗῡῑῦῡό

239 1548 473 1598 impossibile
513 1557 568 1587 est
606 1550 799 1587 meritorie
837 1550 985 1598 placere
1025 1550 1098 1587 deo
1136 1550 1195 1587 vel
1235 1550 1390 1587 homini.
1458 1551 1565 1599 Ergo

238 1626 392 1668 oportet
411 1620 517 1668 quod
537 1620 621 1670 ipsa
641 1620 686 1656 sit
707 1620 972 1669 exemplariter
993 1619 1208 1657 secundum
1229 1620 1320 1657 illud
1342 1620 1447 1669 quod
1469 1622 1566 1669 sapit

238 1690 521 1739 perfeccionem
552 1690 776 1739 simpliciter
807 1689 824 1709 *
857 1691 895 1727 in
925 1691 1119 1739 sapiencia
1149 1691 1342 1727 creatoris.
1402 1690 1440 1727 Si
1470 1703 1565 1739 ergo

238 1760 344 1804 deus,
374 1761 488 1797 iudex
517 1761 635 1796 z'uslus
658 1761 785 1810 fortis
817 1765 851 1797 el
877 1763 1041 1809 paciens,
1077 1761 1257 1797 irascitur
1270 1759 1279 1777 ¹
1304 1767 1373 1808 per
1401 1762 1566 1809 singulos

239 1831 322 1875 αἰὲς,
345 1830 466 1867 multo
486 1831 608 1879 magis
627 1831 685 1867 vel
706 1843 728 1867 a
748 1831 830 1879 pari
851 1831 942 1868 deus
962 1831 1188 1879 exemplans
1217 1836 1376 1868 omnem
1397 1838 1565 1868 creatam

237 1901 503 1938 obedienciam
523 1908 580 1938 est
601 1913 748 1938 summe
769 1901 966 1939 obediens.
1023 1901 1074 1938 Et
1098 1902 1169 1938 ista
1189 1901 1387 1939 conclusio
1408 1901 1564 1938 docetur
1580 1908 1634 1934 For
1645 1908 1718 1939 God,
1733 1909 1791 1935 asl

1576 1942 1648 1967 have
1658 1943 1763 1972 shown,

237 1971 276 2008 in
306 1971 379 2008 fide
408 1971 589 2020 scripture
611 1971 686 2009 Ios.
707 1984 744 2017 x,
767 1972 831 2009 ubi
862 1972 996 2009 dicitur
1017 1971 1122 2021 quod
1150 1972 1244 2009 deus
1269 1970 1456 2010 obedivit²
1479 1973 1562 2010 voci
1575 1976 1664 2035 3ξὶζὸ
1665 1976 1769 2035 ἐξιὸῃ

238 2041 416 2086 hominis,
437 2053 550 2090 super
576 2053 654 2090 quo
681 2043 814 2079 beatus
835 2042 1074 2091 Augustinus
1096 2054 1186 2091 sepe
1214 2042 1301 2079 dicit
1329 2042 1433 2091 quod
1454 2042 1561 2080 Deus

237 2111 394 2149 obedit³
425 2111 657 2157 hominibus,
693 2118 733 2149 ut
768 2124 882 2160 supra
914 2112 1084 2161 exposui.
1144 2112 1243 2149 Item
1278 2113 1382 2161 quod
1417 2112 1564 2150 Cristus

237 2182 402 2220 obedivit
434 2182 653 2219 hominibus
682 2182 915 2230 humanitus,
949 2183 1043 2233 sicpt
1082 2189 1118 2219 et
1158 2183 1215 2219 sui
1254 2182 1429 2231 apostoli,
1460 2189 1563 2231 patet

238 2252 504 2300 multipliciter,
527 2252 652 2301 primo
681 2265 748 2300 per
772 2252 846 2290 hoc
873 2252 977 2302 quod
1007 2252 1154 2290 Cristus
1180 2252 1248 2289 suit
1277 2253 1411 2301 plenus
1435 2253 1563 2301 gracie

238 2330 275 2360 et
303 2323 448 2359 virtutis
477 2329 603 2360 create
634 2322 847 2359 secundum
877 2335 1034 2360 omnem
1065 2323 1243 2371 speciem,
1267 2329 1304 2359 et
1333 2335 1400 2372 per
1428 2335 1563 2360 conse·
1578 2328 1671 2355 Christ
1685 2328 1809 2355 alsoand

1579 2362 1633 2388 His
1649 2363 1777 2394 Apostles

238 2405 359 2442 quens
391 2393 458 2430 fuit
489 2393 623 2442 plenus
654 2393 874 2431 obediencie
909 2394 1032 2431 eciam
1065 2406 1175 2441 usque
1203 2394 1257 2429 ad
1282 2398 1462 2436 mortem,-
1494 2395 1831 2455 necssgssffffl'fjijgngnd

186 2463 363 2511 3osolum
401 2464 587 2501 obediens
627 2463 693 2500 suit
732 2463 873 2507 deitati,
909 2464 976 2501 sed
1015 2464 1173 2509 homini,
1210 2476 1299 2501 cum
1340 2464 1446 2501 aliter
1485 2477 1563 2501 non
1580 2463 1657 2488 Man.

238 2533 432 2570 habuisset
455 2534 722 2571 obedienciam
749 2540 913 2571 creatam
938 2534 1098 2571 univoce
1128 2546 1215 2571 cum
1242 2534 1315 2571 alio
1343 2534 1453 2571 fratre
1482 2546 1562 2571 suo.

239 2603 370 2640 Virtus
391 2604 495 2640 enim
516 2604 756 2652 specificatur
777 2605 825 2640 ab
847 2604 1008 2641 obiecto.
1065 2604 1159 2641 Ideo
1175 2604 1247 2641 alia
1264 2611 1320 2642 est
1339 2604 1564 2642 obediencia

238 2673 368 2723 quoad
388 2674 553 2722 speciem
575 2686 648 2724 qua
670 2674 846 2712 obeditur
867 2674 940 2711 deo
961 2682 996 2711 et
1017 2674 1087 2711 alia
1105 2687 1180 2724 qua
1201 2675 1375 2712 obeditur
1404 2675 1562 2722 homini,

237 2744 309 2781 nisi
330 2743 426 2781 forte
447 2744 593 2782 dicatur
612 2745 718 2793 quod
746 2745 783 2781 in
808 2744 945 2782 eodem
971 2745 1168 2782 involucro
1189 2756 1266 2793 quo
1294 2744 1360 2781 rite
1390 2745 1565 2782 obeditur

283 2837 292 2854 ¹
316 2836 472 2878 numquid
496 2837 651 2869 irascetur
666 2843 730 2878 pro
754 2839 913 2876 irascitur,
933 2847 967 2869 Λ.
1100 2836 1111 2854 ²
1135 2837 1245 2869 obedit
1264 2842 1327 2878 pro
1351 2837 1506 2875 obedivit,
1525 2846 1558 2869 Α.

239 2888 250 2906 ³
276 2887 418 2919 obedivit
437 2893 500 2928 pro
517 2889 639 2927 obedit,
658 2898 690 2920 Α.
