2018 3401
148 297 227 337 268
856 309 920 339 DE
953 308 1146 341 ormcro
1180 310 1335 341 Rssois.

422 411 563 449 dictam
599 424 667 461 per
701 412 869 461 gladium
911 420 996 451 sunt
1036 414 1214 451 contrarii
1251 414 1354 451 scole
1389 426 1468 451 sue.
1527 414 1616 464 Ipse
1651 414 1753 452 enim

421 484 536 532 gratis
553 483 701 520 sustulit
722 484 943 533 passionem
961 485 1027 521 ubi
1048 483 1222 522 facillime
1243 485 1365 534 potuit
1385 484 1514 523 hostes
1531 497 1622 524 suos
1636 485 1754 522 vindi-

421 554 547 591 cando
591 555 847 601 substernere,
880 562 921 592 ut
959 562 1064 604 patet
1101 555 1184 592 Iob.
1224 557 1293 601 18;
1335 567 1468 604 ymmo
1509 562 1549 593 ut
1588 563 1753 593 mortem
1768 555 1842 596 Joh-
1861 555 1950 589 xviii.

420 625 569 674 peccati
590 625 781 663 occideret
801 632 838 663 et
865 637 1001 674 pacem
1024 626 1253 663 innocencie
1274 627 1385 664 nobis
1413 626 1615 664 redimeret
1634 626 1754 675 passi·
1770 598 1820 639 δύ’

420 696 536 732 bilem
572 702 751 732 naturam
791 702 964 733 nostram
1005 696 1138 743 induit,
1178 697 1373 746 triumpho
1415 697 1516 734 hosti
1557 697 1787 746 incognito5

420 766 622 815 superavit.
693 766 860 815 Oportet
899 767 1003 804 enim
1042 774 1221 804 naturam
1259 780 1335 816 que
1387 768 1559 817 peccavit
1594 767 1671 817 pati
1706 780 1753 805 ex

417 843 524 875 tanta
564 836 776 874 humilitate
813 849 861 874 ex
901 843 1046 886 quanta
1085 839 1263 887 superbia
1302 839 1558 888 presumptive
1601 838 1754 888 agendo

420 908 558 945 cecidit
573 908 597 954 ¹,
631 919 719 945 cum
758 914 911 956 oportet
957 908 1062 957 quod
1100 909 1288 946 contraria
1319 916 1498 946 curentur
1541 909 1754 955 contrariis,

420 978 515 1016 Ideo
538 978 684 1016 Cristus
717 977 786 1015 suit
819 990 969 1015 summe
1008 979 1181 1028 paciens,
1211 979 1375 1027 humilis,
1410 987 1524 1029 atque
1558 979 1753 1026 obediens,

139 1055 229 1082 Third
243 1061 390 1089 argument
421 1056 462 1087 ut
482 1056 585 1099 patet
607 1048 745 1086 Matth.
767 1049 830 1086 xii.
885 1049 1029 1087 Tercio
1054 1050 1302 1088 confirmatur
1327 1064 1375 1088 ex
1399 1049 1417 1069 *
1440 1050 1642 1100 multiplici
1662 1062 1753 1088 con-
1768 1048 1867 1079 Matt.
1885 1048 1941 1080 xii.

139 1091 392 1150 ξῖἓῖῗὲῑῇἓῆᾞξῑῃῑεᾶ
421 1121 505 1159 silio
535 1119 660 1166 Cristi,
692 1119 798 1169 quod
827 1132 906 1157 non
938 1120 1025 1158 licet
1055 1133 1248 1170 spernere.
1307 1121 1410 1159 Nam
1442 1121 1579 1160 Matth.
1600 1128 1644 1158 v0
1670 1133 1755 1170 pre·
1767 1095 1901 1167 ῗῗαὲζν,
1918 1145 1969 1176 39,

142 1157 225 1183 Man.
243 1167 270 1184 v,
284 1167 323 1191 39⁸
420 1191 600 1241 cipiendo
620 1190 783 1228 consulit
805 1189 856 1228 Si
870 1192 952 1239 quis
972 1195 1003 1227 le
1023 1193 1061 1228 z'n
1078 1193 1269 1229 dexteram
1291 1194 1492 1231 maxillam
1516 1190 1534 1211 *
1547 1193 1757 1242 percuserl'l
1771 1198 1848 1227 E'ol.
1860 1199 1926 1229 178
1940 1198 1973 1228 b.

411 1263 524 1313 prebe
552 1263 588 1299 εἰ
615 1266 648 1299 et
677 1262 845 1299 alteram.
903 1261 1021 1308 Quod
1050 1263 1098 1300 ad
1131 1275 1287 1301 sensum
1320 1264 1563 1309 catholicum,
1590 1271 1631 1300 ut
1660 1263 1754 1300 alias

419 1333 593 1382 exposui,
630 1345 677 1370 ex
713 1333 981 1381 postillacione
1011 1334 1112 1372 beati
1146 1331 1366 1383 Augustini,
1399 1335 1545 1383 obligat
1579 1334 1752 1382 singulos

419 1405 632 1443 cristianos.
691 1403 801 1449 Quis,
823 1416 930 1453 rogo,
954 1405 1164 1443 excussus²
1188 1406 1236 1443 ab
1257 1406 1433 1444 hostibus
1454 1406 1491 1443 in
1512 1406 1625 1443 bonis
1645 1405 1750 1454 poci·
1769 1416 1806 1448 ¹5

420 1476 560 1521 oribus,
583 1487 658 1525 que
685 1475 945 1523 intelliguntur
974 1488 1042 1524 per
1066 1476 1260 1514 dexteram
1276 1477 1289 1496 ³
1323 1489 1404 1514 non
1424 1477 1627 1514 dimitteret
1648 1477 1751 1512 bona

1290 1508 1298 1524 5

419 1547 547 1584 minus
581 1546 754 1591 valenda,
789 1558 864 1595 que
903 1546 1163 1595 intelliguntur
1196 1560 1264 1597 per
1301 1548 1504 1594 sinistram,
1544 1554 1751 1596 antequam

416 1617 646 1667 perdiderit4
667 1617 791 1665 magis
819 1617 948 1654 bona?
1006 1616 1105 1663 Quis
1134 1618 1290 1668 insuper
1310 1619 1457 1656 dubitat
1486 1618 1579 1667 quin
1603 1619 1750 1655 bonurn

416 1688 560 1725 virtutis
589 1688 634 1725 sit
660 1687 796 1724 melius
821 1699 938 1736 quam
967 1688 1115 1725 bonum
1144 1697 1278 1727 nature
1307 1702 1489 1739 corporee
1509 1689 1567 1726 vel
1588 1688 1750 1732 fortune,

416 1767 452 1797 et
472 1759 692 1808 quicunque
721 1758 834 1808 plene
862 1759 1064 1797 servaverit
1092 1760 1184 1797 illud
1213 1760 1415 1797 consilium
1444 1772 1523 1797 non
1551 1766 1748 1809 pugnaret,
1766 1769 1806 1790 20

417 1830 507 1880 quia
533 1830 668 1879 pocius
693 1829 799 1866 daret
826 1829 971 1878 palium
998 1831 1174 1867 omnium
1205 1831 1483 1880 temporalium,
1504 1842 1636 1880 ymmo
1663 1842 1749 1879 per-

417 1902 582 1938 mitteret
603 1901 762 1950 perdere
783 1900 917 1937 omnia
937 1912 1005 1937 sua
1026 1902 1265 1950 temporalia,
1288 1914 1327 1939 se
1353 1902 1504 1939 occidi?
1563 1900 1624 1938 Sic
1646 1900 1749 1937 enirn

417 1972 505 2009 fecit
544 1971 690 2009 Cristus
729 1976 766 2007 et
804 1971 861 2007 sui
900 1971 1063 2019 apostoli
1096 1971 1219 2008 eciam
1253 1973 1412 2022 quando
1447 1978 1652 2022 potuerunt
1683 1983 1750 2020 per

416 2043 719 2092 prostracionem
748 2053 905 2078 suorum
930 2041 1096 2079 hostium
1125 2042 1283 2080 faciliter
1312 2043 1489 2089 evasisse,
1510 2049 1549 2079 ut
1571 2048 1675 2092 patet
1700 2041 1747 2078 de

137 2128 198 2153 The
210 2128 278 2166 need
295 2128 335 2154 for
416 2113 572 2150 Andrca
589 2119 625 2150 et
639 2113 732 2150 aliis.
762 2111 876 2149 Tolle
890 2112 1000 2161 igitur
1013 2113 1266 2151 affeccionem
1282 2113 1539 2151 inordinatam
1556 2114 1747 2151 bonorum
1764 2122 1801 2153 ²5

135 2162 374 2232 ssrgiiiissk’iiffalssssm
419 2184 569 2221 fortune
589 2190 625 2221 et
645 2182 803 2221 honoris
817 2196 861 2220 ac
883 2183 1062 2220 secularis
1076 2183 1235 2221 dominii
1248 2191 1284 2221 et
1305 2196 1384 2222 non
1404 2184 1472 2222 erit
1489 2184 1749 2221 necessarium

136 2230 277 2255 affecnon‘
417 2255 470 2292 sic
490 2266 688 2304 gwerrare.
749 2253 855 2291 Mala
875 2266 968 2302 ergo
988 2254 1116 2303 proles
1137 2267 1211 2304 que
1231 2255 1347 2304 exigit
1368 2255 1482 2292 talem
1503 2262 1676 2291 matrem.

138 2334 254 2361 Christ's
268 2335 370 2362 second
474 2324 694 2362 Secundum
713 2324 827 2361 Cristi
840 2324 1043 2361 consilium
1063 2331 1120 2362 est
1141 2325 1233 2362 illud
1248 2325 1354 2363 Luce
1373 2338 1418 2371 14
1438 2339 1444 2362 :
1476 2324 1526 2363 Sc·
1547 2326 1628 2373 quis
1653 2325 1752 2361 venit
1761 2327 1792 2357 Ι.
1892 2368 1898 2374 .

137 2369 258 2395 counsel.
416 2396 542 2440 adme,
560 2399 593 2431 el
609 2407 679 2431 non
704 2395 930 2442 odl'lpalrem
952 2407 1069 2441 suum,
1086 2400 1119 2432 el
1136 2400 1300 2442 matrem,
1317 2400 1350 2432 el
1360 2408 1526 2441 uxorem,
1543 2395 1700 2444 elfilt'os,
1719 2399 1751 2431 el
1762 2368 1853 2444 {ffke
1869 2378 1934 2400 ,Μ’

398 2467 568 2514 fratres,
591 2470 625 2502 el
650 2478 804 2510 sorores,
825 2466 945 2502 adhuc
974 2470 1090 2502 aulem
1123 2466 1178 2502 cl⁵
1209 2468 1372 2504 animam
1400 2479 1518 2511 suam,
1540 2479 1610 2503 non
1631 2470 1750 2514 polest
1761 2475 1803 2505 30

416 2550 487 2573 esse
516 2549 614 2573 meus
644 2537 855 2584 dz'sczpulus.
914 2535 1032 2582 Quod
1062 2536 1206 2574 dictum
1235 2537 1380 2574 videtur
1409 2549 1491 2574 esse
1521 2543 1745 2586 preceptum

416 2607 706 2651 strictissimum,
747 2618 834 2644 cum
874 2618 991 2644 nemo
1030 2613 1158 2656 potest
1197 2607 1330 2644 salvari
1369 2607 1440 2644 nisi
1480 2606 1588 2644 fuerit
1631 2606 1744 2643 Cristi

417 2677 638 2726 discipulus,
679 2684 715 2714 et
747 2689 865 2714 nemo
899 2683 1024 2726 potest
1055 2689 1139 2714 esse
1169 2676 1282 2715 Cristi
1314 2677 1523 2726 discipulus
1566 2677 1638 2713 nisi
1674 2676 1744 2714 hec

416 2747 556 2794 fecerit,
593 2759 686 2795 ergo
723 2759 838 2785 nemo
880 2753 1006 2797 potest
1040 2747 1173 2784 salvari
1205 2748 1276 2784 nisi
1304 2747 1374 2785 hec
1402 2747 1541 2785 fecerit.
1601 2746 1746 2784 Contra

460 2844 469 2862 ¹
497 2844 658 2880 ceciderit,
676 2852 709 2876 Α.
836 2844 848 2860 ²*
871 2855 1055 2881 concussus,
1075 2852 1104 2875 Β.
1232 2844 1242 2861 ³
1274 2845 1395 2876 l'crluz:
1422 2855 1478 2886 per
1501 2843 1667 2875 dexteram
1687 2868 1691 2873 .
1713 2868 1718 2873 .
1738 2867 1744 2873 .

417 2895 651 2936 intelliguntur,
670 2906 730 2927 om.
750 2904 781 2927 Α.
871 2897 880 2913 ⁴
906 2896 1029 2936 perdidi
1048 2901 1111 2937 juv
1129 2896 1317 2936 perdiderit,
1336 2905 1368 2928 A.
1459 2896 1470 2913 ⁵
1495 2902 1536 2934 ct,
1553 2906 1612 2926 om.
1631 2904 1664 2925 Α.
