2018 3401
681 334 745 364 DE
777 332 971 365 OFFICIO
1005 332 1158 363 REGIS.

259 445 374 476 tatem
414 439 628 488 proclivior.
687 438 791 475 Nam
826 446 912 475 ante
952 438 1197 475 dotacionem
1231 437 1298 474 fuit
1333 443 1451 474 status
1485 437 1583 474 illius

259 510 405 547 ordinis
445 523 541 559 eque
582 509 786 559 perfectus,
826 510 922 547 sicut
971 510 1008 546 in
1056 509 1313 558 principaliori
1361 515 1418 546 est
1465 514 1585 546 status

259 580 402 618 ordinis
440 580 609 626 fratrum,
640 587 680 618 ut
722 581 811 618 dicit
850 580 1105 617 Bernhardus.
1179 579 1255 617 Sed
1294 579 1413 617 modo
1448 586 1506 618 est
1536 592 1584 617 ex

259 651 464 690 dotacione
478 653 488 672 ¹
510 652 785 702 imperfeccior,
806 653 901 689 sicut
918 652 1152 689 sentenciant
1168 651 1285 688 multe
1305 651 1420 700 leges.
1479 651 1587 688 Sicut

227 723 375 770 5igitur
397 723 458 760 ille
485 723 739 772 imperficeret
769 723 943 759 ordinem
972 722 1130 759 fratrum
1160 722 1225 771 qui
1254 722 1409 771 copiose
1439 721 1588 759 dotaret

259 806 326 831 eos
347 794 385 830 in
407 794 690 843 temporalibus,
712 794 764 831 ita
784 794 931 831 videtur
952 793 1000 830 de
1021 793 1206 842 religiosis
1226 792 1533 841 possessionatis,
1551 798 1588 830 et

1783 324 1857 364 161

258 864 330 901 ista
368 865 514 902 videtur
551 878 632 903 esse
672 865 867 902 sentencia
906 871 1138 902 sanctorum.
1207 863 1322 901 Unde
1360 863 1852 901 venerabilisTothiswehave

40 930 144 1006 ῗξᾶἃ»
161 930 225 984 ΕΡ·
259 935 366 973 Beda
386 937 426 973 in
446 937 608 986 epistula
630 937 678 974 ad
697 937 909 986 Egbertum
930 935 1275 984 Arehiepiscopum
1295 935 1584 972 Eboracensem

1598 901 1647 927 the
1660 900 1812 932 testimony
1825 899 1859 925 of

1599 936 1647 961 the
1661 935 1732 960 ven.
1748 934 1824 959 Bede
1838 941 1870 958 as

1599 974 1628 995 to
1642 969 1689 994 the
1699 974 1772 994 state
1781 968 1813 993 of
1823 966 1870 992 the

261 1007 352 1045 dicit
371 1008 477 1056 quod
497 1015 647 1057 oportet
669 1020 758 1045 eum
779 1003 1069 1059 subordina[re]
1098 1007 1353 1055 coepiscopos
1382 1006 1431 1043 ad
1460 1006 1586 1055 predi-
1600 1003 1695 1062 ξξξζξγ
1708 1002 1740 1029 of
1752 1000 1796 1027 ¹¹³⁵
1807 1009 1871 1027 own

210 1078 429 1115 meandum
450 1079 702 1128 ewangelium
723 1079 774 1115 illi
794 1078 988 1127 provincie
1018 1078 1230 1115 secundum
1263 1078 1457 1115 decretum
1486 1078 1589 1115 beati

262 1148 452 1198 Gregorii,
469 1163 557 1187 cum
574 1150 654 1199 ipse
676 1162 755 1187 non
772 1150 818 1187 sit
833 1149 945 1199 plene
962 1162 1030 1198 per
1050 1161 1090 1186 se
1111 1149 1318 1195 sufficiens;
1349 1156 1385 1186 et
1401 1149 1591 1186 diffiniens

263 1221 316 1258 sie
346 1221 483 1258 obicit:
531 1220 588 1257 Et
622 1222 764 1269 quidem
800 1222 967 1257 novimus
996 1221 1093 1269 quod
1117 1227 1188 1269 per
1221 1221 1406 1257 iucziriczm
1420 1221 1434 1241 ²
1464 1232 1591 1269 regum

252 1292 525 1340 precedencium
564 1292 844 1339 donacionesque
879 1293 1118 1328 stultissimas
1149 1291 1303 1339 sactum
1343 1295 1404 1336 est,
1444 1295 1486 1327 ut
1521 1303 1592 1327 non

248 1363 373 1412 filcile
413 1363 513 1399 locus
546 1375 696 1409 vacans,
733 1363 799 1399 ubi
830 1363 925 1399 sedes
960 1363 1169 1411 episcopalis
1206 1375 1301 1399 nova
1329 1362 1428 1411 fieri
1460 1362 1591 1408 debeat,

213 1434 573 1475 15invenirc'valcut.
630 1433 680 1470 Et
703 1439 790 1482 post
820 1445 1060 1482 conquerens
1081 1433 1128 1470 de
1154 1433 1316 1470 stulticia
1345 1432 1594 1470 dotacionum

263 1505 585 1542 monasteriorum
625 1505 677 1542 sic
718 1505 907 1554 loquitur:
961 1504 1059 1550 Quia
1097 1505 1312 1541 huiusmodi
1353 1505 1528 1541 maxima
1566 1507 1600 1539 et

256 1576 427 1624 plurima
456 1581 545 1613 sunt
575 1577 654 1612 loca
685 1589 762 1624 que,
793 1581 835 1613 ut
868 1577 967 1624 wigo
1000 1575 1098 1612 dici³
1131 1576 1226 1622 solet,
1261 1588 1370 1623 neque
1401 1576 1461 1611 deo
1489 1587 1598 1623 neque

266 1647 471 1684 hominibus
499 1648 608 1684 utilia
636 1651 730 1692 sunt,
753 1649 841 1696 quia
870 1648 1036 1684 vulelicet
1061 1660 1168 1695 neque
1187 1647 1375 1694 regularis
1403 1647 1596 1682 secundum

47 1716 209 1747 Pol-149
222 1725 254 1746 a·
269 1717 288 1737 *
306 1719 407 1755 deum
429 1718 556 1754 ibidem
576 1719 652 1755 vila
673 1722 853 1764 servatur,
876 1731 985 1766 neque
1004 1719 1070 1754 illa
1087 1718 1164 1754 loca
1184 1718 1318 1754 milites
1337 1718 1411 1753 sive
1431 1719 1572 1753 comites
1584 1717 1597 1736 ⁴

215 1805 256 1827 20
268 1791 491 1827 secularium
512 1794 747 1838 potestatum,
768 1791 837 1838 qui
856 1793 997 1838 gentem
1027 1794 1190 1825 nostram
1221 1802 1243 1825 a
1273 1789 1449 1825 barbaris
1477 1788 1597 1838 desm—

269 1862 368 1906 dcml‚
382 1861 576 1909 possident.
618 1860 725 1906 Ideo,
743 1861 877 1910 inquit,
899 1859 1042 1909 Siquis
1062 1861 1099 1896 in
1121 1861 1210 1908 ipsis
1230 1860 1317 1896 locis
1335 1860 1449 1896 sedem
1465 1860 1598 1908 cpisco-

261 1932 385 1981 palem
424 1933 623 1968 constituat
657 1944 729 1968 non
767 1932 912 1980 culpam
942 1932 1264 1980 prevaricacionzs
1301 1932 1501 1976 z'ncurrere,
1539 1931 1603 1966 sed

268 2009 356 2051 opus
371 2003 522 2039 virtutis
542 2003 663 2051 magis
677 2016 785 2051 agere
798 2003 1020 2051 probabitur
1033 2002 1056 2039 ⁵.
1102 2001 1152 2038 Et
1171 2001 1287 2039 tercio
1307 2013 1355 2038 ex
1378 2001 1598 2038 testimonio

51 2078 95 2110 Is.
111 2077 193 2109 lviii.
209 2076 240 2109 6.
269 2071 306 2109 Y
308 2074 431 2110 esaias
455 2073 529 2110 lviii
559 2074 713 2110 dissolve
738 2074 976 2122 obligaciones
1003 2074 1247 2110 violentorum
1277 2073 1598 2113 commui-zonam,-

52 2149 152 2198 Beda,
168 2159 222 2190 op.
270 2144 335 2181 dat
355 2144 668 2181 exhortacionem
689 2144 917 2182 catholicam
938 2145 1009 2181 sub
1035 2144 1107 2180 hiis
1128 2143 1277 2180 verbis:
1313 2141 1431 2178 Tuam
1461 2142 1599 2178 sancti-

52 2198 106 2223 ω’
271 2219 375 2252 talem
415 2216 510 2251 decet
549 2228 629 2251 cum
668 2216 836 2263 religioso
875 2228 958 2263 rege
997 2219 1118 2250 nostre
1153 2215 1278 2261 gentis
1317 2213 1528 2260 irreligiosa
1571 2216 1604 2248 et

273 2287 401 2334 iniqua
413 2287 586 2334 priorum
601 2290 706 2333 gesta
722 2291 827 2333 atque
845 2287 984 2334 scripta
1003 2285 1206 2329 convellere,
1225 2288 1258 2320 et
1273 2296 1314 2319 ea
1334 2296 1400 2331 que
1409 2284 1602 2332 provincie

274 2361 404 2402 nostre,
425 2357 501 2393 sive
519 2357 715 2393 secumlum
736 2357 839 2393 deum
860 2358 936 2393 sive
954 2357 1148 2392 secundum
1162 2356 1174 2375 ⁶
1193 2355 1361 2400 seculum,
1391 2356 1468 2390 sint
1495 2354 1601 2390 utilia

264 2428 488 2477 prospicere,
522 2440 564 2464 ne
602 2428 661 2464 vel
695 2428 831 2464 nostris
859 2427 1075 2475 temporibus
1106 2427 1280 2474 religione
1308 2430 1465 2462 cessante
1496 2438 1602 2461 amor

220 2512 261 2542 30
274 2499 450 2546 timorque
463 2498 476 2518 ⁷
510 2499 650 2534 interni
681 2499 891 2547 inspectores
927 2498 1126 2543 deseratur,
1166 2497 1224 2534 vel
1258 2500 1461 2533 rarescente
1497 2497 1602 2545 copia

275 2569 406 2605 nu'licie
451 2570 628 2606 secularis
674 2570 797 2606 absint
830 2570 899 2617 qui
930 2570 1030 2619 fines
1065 2569 1111 2606 ab
1150 2570 1357 2605 incursione
1402 2568 1602 2605 barbarica

274 2644 457 2676 tueantur.
511 2639 617 2685 Quod
631 2642 724 2677 enim
745 2645 849 2689 turpe
867 2644 919 2676 cst
935 2641 1061 2686 dicere,
1079 2645 1130 2676 tot
1144 2640 1209 2677 sub
1229 2641 1371 2676 nomine
1390 2639 1603 2675 monasteri-

275 2722 379 2746 orum
401 2710 478 2746 [οι-α
497 2710 558 2746 lzii
571 2711 640 2758 qm·
656 2711 860 2747 monachice
881 2711 950 2747 vite
970 2717 1129 2759 prorsus
1147 2715 1236 2746 sunt
1256 2713 1419 2757 expertes
1438 2709 1477 2745 in
1497 2720 1602 2744 suam

320 2831 329 2848 ¹
354 2841 394 2861 ex
411 2830 479 2862 dot.
497 2835 554 2868 est,
571 2831 642 2862 ord.
660 2831 729 2862 inv.
748 2839 778 2861 Β.
847 2831 858 2848 ²
880 2831 1040 2871 injuriam,
1058 2839 1094 2869 Α,
1110 2837 1142 2862 Β.
1217 2830 1228 2846 ³
1253 2829 1351 2866 dicet,
1368 2836 1401 2859 Α.
1468 2827 1480 2844 ⁴
1503 2828 1603 2859 comi-

276 2882 362 2920 lites,
388 2890 418 2912 B.
531 2882 542 2899 ⁵
568 2883 781 2924 probabiliter
795 2888 860 2924 pro
884 2883 1088 2924 probabitur,
1106 2890 1139 2913 A.
1251 2879 1262 2895 ⁰
1285 2879 1474 2918 secundum,
1490 2890 1551 2912 om.
1569 2887 1605 2913 A.

277 2932 287 2950 ⁷
313 2940 468 2975 tenorque
486 2939 549 2975 pro
565 2935 738 2975 timorque,
755 2943 789 2966 Α.

918 3004 944 3027 Μ
