2018 3401
687 311 752 344 DE
785 312 978 345 OFFICIO
1011 312 1166 345 REGIS.

265 412 422 453 dilectus
442 416 559 466 patris
579 417 795 466 unigenitus
816 417 1029 456 secundum
1051 417 1292 462 divinitatem,
1307 422 1348 454 ut
1364 415 1451 454 dicit
1471 416 1588 466 prima

264 496 354 533 pars
392 487 637 535 auctoritatis,
671 487 819 525 habens
866 487 1143 537 plenitudinem
1184 486 1346 536 Spiritus
1384 486 1505 524 sancti
1544 486 1591 523 de

263 555 371 593 cuius
391 555 627 606 plenitudine
647 564 799 608 oportet
822 569 894 596 nos
923 558 1095 608 accipere
1116 558 1146 596 si
1167 556 1420 595 salvaremur¹
1437 569 1592 594 :—cum

46 628 247 661 F01.181b.
262 631 391 663 autem
412 627 458 664 sit
478 633 557 665 tam
579 626 597 646 *
621 628 721 666 mitis
747 634 784 666 et
809 627 962 665 humilis
991 628 1098 678 quod
1128 639 1200 666 nec
1229 627 1345 666 seculi
1373 627 1592 677 potentibus

229 694 359 747 5fuit²
386 696 560 736 dominio
590 710 661 737 suo
689 699 900 737 contrarius
929 699 986 736 vel
1016 710 1204 737 onerosus
1242 711 1313 737 nec
1351 698 1589 748 simplicibus

259 765 415 816 rigidus,
450 780 522 806 nec
560 767 608 806 de
647 769 723 806 suis
764 769 908 806 iniuriis
946 769 1092 808 tediose
1129 780 1383 819 conquerens,
1422 775 1463 806 ut
1501 769 1590 806 dicit

262 842 304 873 2a
316 849 406 886 pars
419 837 950 888 auctoritatis:--p0tentatus
966 845 1093 877 autem
1108 839 1224 878 seculi
1241 846 1327 878 sunt
1340 839 1488 877 arundo
1502 851 1588 889 que,

258 907 349 956 quia
386 906 466 946 luto
503 908 772 959 temporalium
809 909 987 959 infigitur,
1023 909 1111 948 ideo
1149 910 1189 947 in
1226 910 1437 948 affeccione
1476 917 1589 948 vento

258 976 409 1015 fortune
437 983 622 1029 tanquam
660 978 710 1017 ad
747 979 846 1018 intra
875 992 995 1018 vacua
1026 988 1318 1027 conmoventur‚
1349 981 1454 1018 iuxta
1496 980 1588 1018 illud

40 1047 137 1081 Matt.
155 1049 196 1081 xi.
217 1055 244 1092 7.
258 1045 395 1085 Matth.
411 1048 449 1085 xi
469 1060 548 1098 quo
569 1048 704 1088 dicitur
724 1051 832 1100 quod
852 1050 1029 1100 discipuli
1049 1050 1215 1089 videndo
1236 1050 1453 1101 Baptistam
1469 1050 1486 1069 *
1505 1064 1584 1090 non

39 1093 86 1125 57
103 1101 136 1126 α’
257 1117 430 1156 exierunt
454 1119 576 1156 videre
595 1121 817 1158 arundinem
839 1125 941 1159 vento
969 1122 1176 1172 agzffisz,
1198 1122 1287 1173 quia
1307 1122 1446 1160 infixus
1467 1122 1583 1172 lapidi

257 1187 385 1226 Cristo
404 1194 445 1226 ut
464 1189 587 1227 stabili
614 1189 870 1230 fundamento
897 1192 1123 1241 temporalia
1146 1192 1386 1242 parvipendit
1401 1192 1586 1230 z—-linum

256 1264 386 1297 autern
418 1260 662 1309 parvulorum
694 1268 847 1300 ortense
878 1262 1063 1302 laboricio
1096 1275 1327 1302 concussum
1360 1263 1428 1302 fuit
1460 1263 1586 1302 Cristo

256 1341 400 1376 carum,
428 1342 517 1368 cum
541 1342 685 1381 sponsa
711 1333 898 1382 quesivit⁸
923 1334 1051 1372 lanam
1080 1338 1114 1372 et
1133 1335 1250 1372 limam
1272 1341 1312 1372 ut
1332 1334 1469 1373 dicitur
1489 1335 1582 1374 Pro-

37 1402 133 1435 Prov.
149 1403 234 1436 xxxi.
255 1400 473 1438 verbiorum
503 1407 586 1450 31⁰,
617 1408 654 1440 et
683 1402 766 1453 ipse
796 1403 998 1454 increpans
1041 1404 1240 1454 apostolos
1271 1405 1431 1455 precipit
1460 1406 1584 1444 sinere

37 1455 136 1522 ffgtt·
152 1488 216 1521 xix.
245 1470 431 1519 parvulos
450 1472 574 1509 venire
592 1472 799 1523 adipsum,
829 1474 932 1512 unde
966 1475 1162 1513 venientes
1192 1474 1314 1513 suerat
1344 1476 1583 1526 amplexatus

254 1546 295 1578 ut
318 1541 454 1580 dicitur
473 1541 595 1581 Marc.
621 1555 680 1591 10,
701 1549 739 1582 et
764 1544 817 1582 sic
841 1556 922 1582 non
949 1552 1007 1583 est
1030 1545 1178 1584 arundo
1204 1545 1383 1585 habitans
1403 1547 1442 1584 in
1462 1546 1582 1586 fundo

253 1610 407 1650 lut0s0⁴
426 1619 463 1651 et
491 1612 640 1651 lubrico
670 1614 738 1652 sed
767 1614 806 1652 in
835 1615 944 1665 aquis
973 1615 1084 1653 claris
1113 1616 1352 1654 currentibus
1381 1617 1420 1654 in
1453 1616 1580 1666 lapide

37 1683 84 1715 X·
253 1693 406 1732 semper
425 1683 516 1722 vivis
527 1683 680 1722 :-—ide0
706 1690 841 1733 gentes
869 1685 1080 1735 specialiter
1105 1686 1268 1735 figerent
1288 1699 1396 1738 spem
1413 1687 1425 1707 ⁵
1447 1689 1486 1725 in
1505 1687 1580 1726 illo.

200 1763 240 1786 20
254 1751 330 1791 Sed
358 1765 438 1792 non
467 1760 524 1792 est
553 1765 640 1804 spes
670 1756 782 1793 nobis
806 1763 846 1794 ut
872 1768 962 1806 pars
985 1757 1024 1794 in
1050 1756 1128 1794 filio
1147 1755 1250 1803 Ysai,
1275 1758 1347 1796 nisi
1376 1770 1581 1809 sequamur

32 1837 108 1879 Joh.
127 1838 190 1871 xiv.
204 1838 235 1871 6,
251 1823 333 1861 eius
361 1824 531 1874 vestigia,
551 1825 642 1876 quia
669 1833 711 1864 ut
740 1825 830 1864 dicit
861 1825 943 1864 Ioh.
969 1839 1027 1873 14.
1084 1826 1170 1877 Ipse
1200 1835 1256 1865 est
1276 1828 1334 1866 via
1364 1841 1432 1878 per
1460 1841 1578 1879 quam

248 1893 374 1931 solum
412 1895 560 1933 venitur
596 1895 646 1933 ad
683 1896 855 1946 patriam.
911 1897 1031 1946 Ipse⁶
1068 1905 1125 1935 est
1158 1898 1320 1936 veritas⁷
1358 1911 1425 1949 per
1459 1912 1576 1950 quam

250 1963 373 2002 solam
399 1964 556 2004 devians
583 1966 777 2005 reducitur
801 1967 850 2005 ad
875 1967 986 2014 viam,
1007 1974 1044 2006 et
1068 1968 1149 2017 ipse
1173 1975 1230 2007 est
1261 1969 1335 2007 vita
1363 1982 1431 2019 per
1458 1982 1575 2020 quam

250 2034 374 2073 solum
405 2036 599 2086 attingens
621 2037 828 2075 terminum
847 2037 907 2075 vie
933 2038 1098 2088 pascitur
1121 2039 1330 2077 vivificatur
1354 2046 1391 2078 et
1417 2041 1579 2078 finaliter

197 2119 235 2152 ²5
248 2105 464 2154 premiatur.
522 2105 637 2144 Unde
666 2114 816 2156 oportet
845 2119 1003 2146 omnem
1032 2109 1257 2147 salvandum
1286 2111 1393 2160 sequi
1423 2113 1575 2161 propin-

249 2174 362 2225 quius
392 2174 452 2213 vel
478 2175 686 2215 distancius
716 2177 819 2214 illum
848 2178 997 2228 ducem,
1020 2179 1088 2217 sed
1111 2180 1150 2217 in
1176 2191 1289 2218 curru
1320 2180 1466 2218 domini
1487 2183 1574 2231 equi

248 2245 313 2295 qui
343 2245 516 2284 videntur
544 2247 732 2296 potissimi
762 2249 1019 2287 retrocedunt.
1088 2249 1236 2288 Cristus
1269 2251 1372 2288 enim
1401 2258 1437 2289 et
1470 2252 1575 2301 leges

247 2315 406 2354 ecclesie
442 2317 651 2355 limitarunt
682 2319 820 2357 curatis
852 2319 1043 2369 spirituale
1075 2320 1242 2359 officium
1282 2323 1320 2358 in
1355 2335 1433 2372 quo
1462 2324 1574 2372 plene

247 2385 438 2424 traherent
458 2394 645 2437 quantum
672 2388 874 2426 sufficiunt.
932 2389 1010 2428 Sed
1039 2389 1256 2430 deserentes
1277 2392 1376 2430 hanc
1397 2394 1573 2431 semitam

193 2470 235 2502 30
247 2456 408 2506 aurigati
424 2456 514 2507 iugo
531 2458 645 2496 seculi
660 2459 935 2497 necessitantur
949 2472 996 2498 ex
1011 2460 1214 2500 dotacione
1227 2474 1380 2501 movere
1399 2464 1572 2514 aurigam

249 2538 457 2565 cesaream.
513 2527 563 2565 Et
577 2528 648 2566 ista
663 2528 886 2576 declinacio‚
902 2537 943 2568 ut
956 2530 1161 2570 dictumest
1182 2533 1220 2569 in
1236 2533 1432 2571 solucione
1449 2535 1571 2583 quarti

246 2597 473 2646 argumenti,
494 2600 690 2647 perturbat
716 2599 928 2647 ecclesiam,
949 2601 1037 2650 quia
1057 2613 1212 2640 necesse
1232 2610 1288 2640 est
1308 2603 1412 2652 quod
1433 2605 1569 2644 exinde

41 1541 90 1572 14.

36 1575 136 1608 Mark
146 1587 176 1608 x.
191 1586 203 1608 1
210 1576 240 1610 6.

1791 313 1869 356 279

1593 1839 1639 1865 He
1653 1840 1675 1866 is
1688 1840 1735 1866 the
1749 1841 1831 1874 XVay,

1591 1874 1638 1899 the
1652 1874 1751 1902 Truth,
1772 1876 1827 1901 aud

1590 1907 1637 1933 the
1653 1908 1720 1934 Life.

1591 2115 1646 2142 But
1660 2116 1707 2143 the
1720 2116 1814 2144 horses

1589 2150 1649 2176 that
1664 2160 1736 2176 seem
1753 2158 1824 2178 most

1589 2183 1721 2215 powerful
1736 2185 1763 2210 in

1589 2217 1703 2243 Chrisi's
1718 2217 1823 2244 charior,

1587 2259 1634 2276 arc
1644 2251 1766 2284 jibbing.

1585 2552 1666 2585 They
1679 2558 1741 2579 turn
1755 2554 1825 2581 from

1584 2587 1630 2612 the
1645 2588 1710 2618 path
1726 2589 1757 2613 os

1585 2620 1701 2646 Christ's
1715 2622 1766 2646 law
1779 2627 1808 2647 to

1542 2675 1548 2682 ,
1583 2662 1659 2680 serve
1675 2655 1813 2682 Pharaoli.

244 2673 480 2716 postponant
508 2668 633 2718 legem
658 2669 802 2707 domini
831 2677 867 2708 et
893 2679 1128 2720 occupentur
1155 2673 1192 2709 in
1220 2674 1378 2712 servicio
1411 2674 1570 2713 Faroms

288 2777 297 2795 ¹
325 2778 490 2811 salvemur
507 2786 570 2822 pro
587 2781 795 2822 salvaremur,
815 2792 844 2815 Β.
965 2785 975 2802 ²
998 2785 1038 2816 sit
1054 2790 1119 2826 pro
1142 2785 1211 2825 suit,
1231 2794 1263 2816 Α.
1381 2788 1391 2804 3
1418 2792 1488 2819 sunt
1507 2793 1570 2829 fro

243 2829 329 2869 sivit,
347 2838 379 2861 A.
470 2832 479 2849 ⁴
498 2832 627 2865 lutuoso
644 2840 708 2875 pro
726 2835 842 2873 lutoso,
864 2845 895 2866 Λ.
977 2836 987 2853 ⁵
1005 2837 1142 2877 speciem
1163 2843 1225 2877 pro
1243 2848 1343 2879 spon,
1362 2845 1393 2869 Α.
1473 2838 1483 2853 ”
1500 2841 1567 2881 ipsc

244 2886 292 2912 est
309 2882 361 2912 via
381 2907 386 2915 .
407 2907 413 2913 .
432 2908 438 2914 .
457 2884 606 2923 patriam,
625 2896 685 2916 om.
705 2894 735 2916 Α.
842 2885 853 2902 ⁷
879 2888 927 2918 via
948 2893 1010 2927 pre
1027 2888 1152 2927 veritas,
1174 2896 1205 2919 Α,
