2018 3401
71 1045 118 1074 39
137 1054 167 1075 a.

727 300 793 331 DE
825 298 1021 331 OFFICIO
1055 298 1210 331 REGIS.
1824 291 1905 348 183

297 404 408 442 licet1
443 404 602 443 seculari
636 405 693 442 vel
723 411 881 453 tangere
910 415 992 442 rem
1025 416 1174 441 sacram
1198 416 1266 453 per
1294 410 1446 442 nostros
1475 410 1624 442 tantum
1637 409 1859 472 ggssfflfittheofs

296 483 479 514 cecantur
499 476 581 513 laici
603 475 707 525 quod
727 476 965 525 consumptis
995 476 1107 513 rebus
1127 476 1244 513 sacris
1273 475 1473 525 putredine
1501 476 1626 514 iacent
1639 454 1785 506 Ambrosg'-
1863 465 1869 472 ’

296 547 433 584 milites
454 547 571 584 nostri
591 559 637 584 ex
659 558 790 595 pugna
810 558 925 595 quam
956 558 1028 585 nos
1056 547 1333 584 auctorisarnus
1363 547 1627 584 miserabiliter

296 618 335 655 in
364 618 540 668 hispania
578 617 768 667 captivati.
827 617 1109 667 Spoliacionem
1143 625 1273 655 autem
1305 617 1464 655 aliarum
1502 618 1625 656 eccle-

262 690 437 731 5siarum
468 697 505 727 et
539 688 844 727 destruccionem
879 701 1014 727 eorum
1045 689 1216 727 funditus
1255 690 1528 738 approbamus,
1569 690 1624 728 sic

291 767 420 797 tamen
455 760 561 810 quod
594 758 750 797 nostre2
778 759 935 797 ecclesie
970 761 1044 797 sint
1077 760 1193 798 illese.
1250 760 1470 798 Diffmimus
1500 761 1621 798 eciam

290 831 396 880 quod
426 844 499 869 nos
518 831 726 881 proditorie
754 831 931 881 captivati
952 838 1086 869 contra
1116 831 1242 881 legem
1272 831 1332 869 dei
1359 838 1396 870 et
1420 832 1622 869 hominum

289 902 477 952 redempti
497 902 655 940 sumus3
674 914 743 952 per
761 903 866 941 bona
887 903 1048 940 ecclesie
1080 916 1154 952 que
1184 903 1346 941 dicimus
1375 915 1459 941 esse
1489 915 1620 950 sacra;

289 973 357 1011 sed
387 980 540 1011 nostros
569 974 718 1019 milites,
740 974 806 1022 qui
836 974 1080 1011 decertarunt
1109 987 1179 1023 pro
1207 986 1323 1011 causa
1343 974 1451 1024 regni
1471 974 1622 1012 viriliter

288 1051 402 1094 atque
422 1045 604 1094 legitime,
626 1057 816 1094 negamus
837 1045 978 1082 debere
997 1044 1014 1064 *
1037 1045 1086 1083 de
1105 1045 1218 1083 bonis
1244 1045 1404 1083 ecclesie
1426 1058 1447 1082 a
1468 1058 1621 1083 carcere

286 1115 448 1153 liberari.
504 1115 621 1153 Unde
654 1115 870 1153 timendum
909 1123 965 1154 est
1008 1117 1114 1166 quod
1152 1124 1422 1166 procuratores
1460 1117 1621 1154 militum

286 1187 455 1225 divident
488 1187 600 1225 nobis
629 1187 757 1224 inuitis
796 1188 900 1224 bona
930 1200 1005 1237 que
1038 1200 1148 1225 sacra
1174 1188 1337 1225 dicimus
1367 1195 1405 1226 et
1435 1188 1620 1238 negando

285 1258 527 1295 incarceratis
571 1258 711 1295 nostris
749 1271 887 1296 eorum
927 1259 1140 1296 subsidium
1177 1258 1382 1307 spoliando
1430 1271 1619 1309 pauperes

284 1329 465 1367 continue
494 1329 750 1366 cumulamus.
809 1329 889 1366 Res
924 1330 1035 1379 igitur
1065 1341 1206 1375 sacras,
1236 1341 1352 1379 super
1381 1329 1521 1379 quibus
1549 1342 1616 1368 rex
1630 1339 1785 1400 Thetffing
1797 1347 1871 1401 ‘³⁰3‘

1630 1382 1675 1399 See
1721 1384 1737 1400 3
1765 1384 1842 1402 sacre

232 1406 269 1439 15
284 1399 399 1437 habet
419 1400 580 1449 capitale
605 1399 831 1447 dominium,
855 1399 996 1437 debent
1018 1400 1103 1437 usui
1132 1413 1250 1449 quem
1280 1400 1489 1438 limitarunt
1511 1401 1616 1450 leges
1629 1407 1724 1440 things
1736 1417 1783 1434 are
1798 1415 1849 1441 put
1868 1415 1897 1436 to

1630 1441 1702 1467 their
1715 1442 1809 1469 lawsul
1822 1453 1895 1469 uses.

282 1470 442 1508 ecclesie
472 1471 696 1520 mancipare
709 1471 733 1509 ⁴¹.
791 1470 892 1508 Cum
930 1471 1045 1520 igitur
1082 1471 1188 1520 leges
1218 1471 1279 1508 dei
1308 1477 1424 1520 atque
1453 1472 1616 1510 ecclesie

281 1542 491 1579 limitarunt
538 1542 730 1591 theologis
778 1549 988 1590 proventus
1036 1543 1286 1580 ecclesiarum
1334 1542 1615 1592 parochialium

280 1613 495 1662 culpandus
524 1613 623 1650 soret
648 1625 715 1651 rex
736 1614 809 1650 nisi
830 1613 911 1651 fieri
931 1613 1044 1651 faciat
1065 1614 1117 1651 sic
1138 1614 1185 1651 de
1206 1614 1293 1651 suis.
1352 1614 1471 1651 Cuius
1501 1614 1615 1663 igitur

280 1684 412 1722 oculus
432 1684 529 1721 foret
548 1696 717 1733 nequam
739 1684 829 1734 quia
848 1697 914 1721 rex
936 1684 1016 1722 sine
1044 1684 1306 1733 repugnancia
1331 1684 1491 1722 alicuius
1518 1685 1614 1733 legis

229 1760 268 1782 20
281 1754 471 1792 autentice
502 1754 591 1792 facit
619 1755 666 1792 de
697 1755 810 1792 bonis
830 1754 994 1804 propriis
1014 1755 1162 1792 iussum
1183 1755 1269 1792 dei?
1326 1754 1409 1792 Nec
1431 1761 1487 1792 est
1507 1756 1611 1793 racio
1625 1757 1670 1784 On
1683 1757 1731 1784 the
1754 1758 1852 1785 sailure
1864 1760 1897 1786 of

1624 1791 1671 1817 the
1702 1798 1817 1818 resents
1839 1803 1863 1819 s-

280 1838 399 1875 quare
416 1838 517 1875 papa
531 1832 688 1875 propter
708 1826 870 1862 abusum
887 1832 1159 1875 patronatuum
1181 1826 1305 1875 capiat
1326 1838 1393 1864 eos
1413 1826 1452 1862 in
1472 1838 1610 1863 manus
1623 1801 1891 1885 ξξξέἦρῑθίθῐῐζθῃῑ

1623 1891 1650 1918 ἰῐ]
1664 1861 1890 1925 εὴίἑὲἓῆἒεςὲοτά

279 1908 368 1934 suas
388 1897 482 1946 quin
502 1909 569 1946 per
588 1896 692 1934 idem
711 1896 840 1934 liceret
861 1896 932 1934 sibi
948 1909 1083 1946 capere
1104 1898 1208 1934 bona
1227 1897 1467 1943 mortificata,
1485 1898 1608 1935 eciam
1622 1935 1639 1951 a
1654 1926 1829 1957 betterright
1843 1933 1873 1954 to

1623 1960 1688 1985 take
1699 1966 1813 1986 matters
1830 1961 1890 1988 into

277 1980 408 2016 regna,
440 1969 574 2005 abusa.
633 1967 709 2005 Sed
742 1967 962 2005 evidencius
1004 1967 1151 2005 domini
1184 1980 1304 2018 penes
1338 1981 1436 2018 quos
1470 1968 1609 2006 residet
1622 1993 1737 2019 hisown
1751 1995 1836 2026 hand,

278 2038 439 2088 capitale
459 2039 688 2085 dominium,
707 2038 755 2076 de
776 2050 942 2088 quorum
962 2038 1182 2076 elemosinis
1197 2052 1299 2089 papa
1315 2038 1430 2076 habet
1447 2039 1606 2085 lucrum,
1620 2027 1757 2093 ggssimd
1775 2028 1824 2054 ‘he

222 2117 261 2149 25
277 2116 459 2158 caperent
487 2109 740 2147 elemosinam
770 2121 879 2147 suam
901 2109 949 2146 ab
969 2121 1016 2146 eo
1036 2116 1194 2159 propter
1225 2110 1413 2147 maiorem
1443 2111 1607 2147 abusum

56 2379 190 2411 Decret.

55 2434 82 2454 c.
100 2430 212 2454 XXIII.

56 2466 96 2507 Q.
113 2467 180 2498 viii.
198 2478 226 2499 c.

58 2518 108 2540 21.

275 2188 313 2218 et
360 2180 512 2228 gravius
559 2181 668 2230 regni
715 2179 939 2229 periculum.
983 2221 994 2229 .
1015 2179 1175 2229 Semper
1211 2181 1315 2217 enirn
1361 2186 1418 2217 est
1464 2181 1607 2218 abusus

276 2251 534 2300 dampnabilis
562 2251 778 2300 utrobique,
799 2257 837 2288 et
865 2251 903 2286 in
934 2251 1100 2299 graviori
1129 2263 1296 2300 persona
1322 2251 1446 2300 magis
1470 2251 1606 2300 damp-

277 2322 424 2358 nabilis.
481 2320 566 2359 Nec
595 2328 747 2359 moveat
778 2321 885 2371 quod
915 2322 1073 2372 quidam
1103 2322 1205 2359 nude
1230 2322 1388 2372 alligant
1407 2322 1603 2360 decretum
1618 2328 1730 2355 ThatS.
1748 2328 1883 2355 Ambroee

1617 2363 1708 2388 would
1723 2368 1771 2388 not
1784 2363 1866 2388 allow

274 2392 469 2430 Ambrosii
502 2393 595 2430 xxiii
626 2406 662 2442 q.
695 2394 778 2430 viiia
807 2392 1013 2430 convenior
1043 2405 1088 2430 ac
1118 2393 1149 2430 si
1176 2392 1274 2430 foret
1302 2394 1514 2431 contrarius
1544 2393 1603 2430 isti
1616 2396 1815 2462 ssllg‘gdlfgggrg

272 2464 466 2502 sentencie
496 2471 535 2502 et
565 2476 633 2513 per
665 2476 908 2513 consequens
929 2463 1002 2501 sibi
1021 2463 1104 2513 ipsi.
1163 2463 1266 2501 Nam
1286 2464 1354 2502 iste
1373 2464 1533 2502 intendit
1559 2476 1599 2501 se
1614 2463 1881 2529 fieffg‘ssssgussffh

1590 2566 1598 2581 '
1611 2531 1822 2596 ἳὲἰῗῖἒίῐῑξξιῖετ
1833 2572 1840 2590 :

274 2618 343 2656 per
358 2606 463 2655 quod
480 2607 593 2644 nimis
614 2606 850 2644 subtraheret
874 2606 1020 2644 cultum
1041 2605 1112 2643 dei.
1169 2606 1217 2643 Et
1237 2618 1284 2643 ex
1299 2606 1312 2626 ⁵
1328 2606 1400 2643 isto
1422 2613 1595 2655 arguunt,
1610 2598 1879 2665 ξζζξὲξζξῖξξξῃὲ

272 2677 392 2715 cecati
412 2690 480 2726 per
500 2677 629 2716 locum
649 2690 672 2715 a
692 2677 816 2723 simili,
835 2677 941 2726 quod
962 2689 1042 2714 non
1062 2677 1149 2714 licet
1169 2677 1329 2726 principi
1346 2677 1473 2726 aliqua
1492 2678 1596 2714 bona
1609 2665 1858 2732 ssss‘pssrssssffigsshe

270 2748 430 2786 ecclesie
478 2748 526 2785 ad
563 2761 656 2787 usus
693 2748 882 2797 legitimos
931 2747 1102 2785 limitare.
1158 2746 1315 2784 Utinam
1355 2731 1689 2785 attenderenthave'

272 2547 353 2573 non
373 2536 590 2573 consentire
607 2535 740 2573 Cesari
760 2535 959 2572 liberando
980 2535 1050 2572 sibi
1070 2535 1206 2572 iniuste
1226 2535 1370 2584 petenti
1391 2535 1585 2573 basilicam

314 2845 325 2864 ¹
350 2846 440 2884 licet,
455 2856 516 2878 om.
534 2854 568 2877 Α.
657 2845 668 2863 ²
691 2851 793 2878 matre
809 2851 875 2888 pro
890 2850 1009 2885 nostre,
1029 2854 1062 2877 Α.
1152 2846 1163 2863 ³
1187 2845 1301 2885 simus,
1318 2854 1351 2877 Α.
1441 2845 1452 2863 ⁴
1475 2847 1595 2878 manci-

247 2909 250 2912 ⁴
271 2899 352 2939 pari,
371 2906 403 2929 Α.
493 2899 504 2917 ⁵
527 2909 578 2937 ex,
595 2909 655 2930 om.
674 2907 708 2930 Α.
