2018 3401
650 331 715 363 DE
747 330 940 363 OFFICIO
972 329 1129 362 REGIS.
1755 330 1835 372 223

237 436 428 484 cacionis,'
449 437 484 475 A
509 437 620 475 nobis.
677 437 783 486 Ergo
807 449 830 474 a
853 436 935 487 pari
963 435 1038 474 hoc
1067 435 1303 484 contingeret
1332 434 1371 471 in
1400 434 1558 484 quibus-

237 522 401 560 cumque
422 511 461 547 in
480 509 619 559 quibus
640 521 720 546 non
741 508 962 545 inniteretur
977 506 1191 544 auctoritati
1207 505 1399 555 scripture.
1459 505 1559 542 Cum

237 581 341 618 enim
371 593 451 618 non
484 581 530 618 sit
562 592 630 630 per
661 592 702 617 se
733 578 923 617 credibilis
949 583 1100 627 oportet
1128 577 1217 614 dare
1244 575 1399 626 aliquod
1426 575 1561 612 sunda-

237 659 410 689 mentum
441 652 502 690 cui
531 650 728 688 innitendo
763 650 900 687 debeat
932 649 1036 687 credi
1075 648 1157 687 sibi.
1218 647 1293 685 Sed
1324 647 1471 684 nullum
1505 653 1562 684 est

206 723 411 764 5dandum
442 723 514 761 nisi
543 722 654 760 fuerit
673 722 733 759 lex
765 720 957 770 magistri;
988 720 1094 757 aliter
1114 720 1218 757 enim
1247 732 1295 756 ex
1319 718 1561 757 confessione

238 794 393 843 propria
413 806 493 831 non
512 793 728 831 crederetur
756 793 827 829 sibi
847 792 886 829 in
906 792 1046 841 aliquo.
1105 790 1284 828 Secundo
1313 790 1561 828 confirmatur
1572 793 1612 826 (2)
1622 792 1708 825 Papal
1722 793 1795 819 bulls

1572 836 1619 853 are
1630 832 1678 853 not
1688 832 1716 853 to
1729 827 1763 853 be

22 872 103 901 Fol.
114 871 184 901 166
196 878 226 900 a.
239 878 287 902 ex
303 865 376 902 hoc
390 864 495 914 quod
510 877 589 901 non
606 870 663 901 est
681 876 749 913 per
769 876 808 901 se
828 863 1065 901 credendum
1079 862 1190 900 bullis
1206 862 1408 912 papalibus
1426 860 1457 908 ²³,
1473 873 1560 898 cum
1574 860 1841 926 ἓίξέῐζξῇἱὲξὴῑξθῑῑ

239 942 329 973 tunc
350 942 477 974 essent
503 935 649 973 articuli
681 935 769 972 fidei
800 935 913 971 nimis
944 940 1148 971 onerantes
1177 933 1390 978 ecclesiam,
1412 940 1449 970 et
1481 943 1562 969 non
1575 928 1733 988 ξὲξηῑίξῇζ
1746 928 1840 987 g'ffflfld

239 1007 292 1045 sic
320 1019 389 1056 per
421 1018 562 1056 papam
593 1012 629 1043 et
659 1005 754 1044 alios
784 1005 937 1043 cottidie
968 1005 1174 1042 adversate.
1232 1004 1333 1042 Cum
1364 1004 1476 1052 igitur
1504 1003 1562 1039 ille
1575 995 1823 1061 ξζζζξᾮξξὲζξζῗ

189 1087 228 1109 10
240 1079 314 1116 sint
345 1079 447 1129 paris
478 1078 710 1116 auctoritatis
742 1090 831 1115 cum
863 1077 945 1114 aliis
976 1077 1055 1115 suis
1082 1076 1263 1126 epistulis,
1285 1075 1430 1112 videtur
1456 1074 1562 1124 quod
1575 1064 1817 1128 ξῗζξξζξζῖῑῗῑ

239 1149 485 1199 adiungenda
515 1156 572 1187 est
602 1149 674 1186 alia
705 1149 889 1198 probacio
922 1155 964 1186 ut
995 1148 1254 1186 indubitanter
1285 1147 1461 1184 credatur
1492 1146 1564 1183 illis
1577 1137 1647 1157 ‘ure‘

240 1234 358 1271 quam
378 1221 524 1258 nudum
553 1220 678 1258 dicere
702 1220 939 1270 presidentis.
998 1219 1090 1257 Non
1119 1219 1222 1256 enim
1252 1218 1367 1256 habet
1396 1217 1565 1255 colorem

242 1292 348 1341 quod
372 1292 475 1329 curia
494 1291 558 1328 illa
577 1292 777 1329 necessitet
797 1291 995 1328 hominem
1015 1290 1064 1328 ad
1084 1290 1320 1328 credendum
1351 1289 1488 1326 falsum
1508 1289 1565 1326 vel

242 1363 519 1408 mentiendum,
558 1363 649 1412 quia
696 1363 750 1400 sic
798 1363 836 1399 in
884 1374 976 1400 casu
1013 1368 1168 1410 cogeret
1215 1361 1264 1399 ad
1311 1360 1564 1410 peccandum.

190 1439 227 1472 ¹5
243 1433 404 1483 Oportet
424 1433 536 1482 igitur
555 1433 662 1470 inniti
683 1433 794 1471 alicui
815 1433 1001 1483 principio
1030 1433 1273 1471 confirmanti
1301 1431 1438 1469 iudicia
1467 1431 1568 1468 dicta

241 1511 277 1542 et
307 1504 406 1542 facta
436 1504 598 1554 papalia,
626 1516 715 1542 curn
746 1517 813 1554 per
841 1517 880 1542 se
909 1517 989 1542 non
1022 1504 1224 1542 sufficiunt.
1283 1503 1365 1541 Nec
1395 1510 1567 1552 superest

242 1576 343 1613 aliud
364 1589 479 1626 quam
499 1575 699 1625 speculum
720 1576 1001 1625 scripturarum.
1061 1575 1195 1613 Petrus
1225 1575 1327 1613 enim
1356 1574 1503 1620 erravit,
1525 1580 1565 1610 ut
1577 1581 1670 1620 (Eveq
1686 1581 1767 1607 Peter
1788 1589 1844 1606 was-

27 1650 103 1681 Gal.
121 1650 154 1680 ii·
174 1656 191 1690 7
196 1673 202 1679 ·
242 1654 347 1696 patet
367 1646 489 1684 Galla.
510 1654 561 1693 20,
578 1654 614 1684 et
634 1647 754 1684 multo
775 1647 897 1696 magis
913 1647 1100 1696 contingit
1120 1653 1272 1694 nostros
1293 1658 1420 1683 errare
1441 1646 1505 1694 qui
1527 1645 1565 1681 in
1579 1624 1647 1641 ⁰⁰oe
1661 1624 1687 1641 m
1701 1614 1797 1646 emm)

244 1717 352 1755 dictis
387 1723 424 1754 et
458 1717 564 1754 factis
598 1724 746 1755 tantum
776 1730 798 1754 a
831 1718 970 1755 sanctis
1000 1717 1228 1767 discrepant.
1287 1717 1370 1754 Nec
1409 1716 1567 1753 dubium

191 1806 230 1827 20
244 1789 338 1838 quin
357 1788 557 1826 blasfemia
577 1788 674 1826 foret
693 1789 878 1826 instruere
899 1789 1120 1826 cristicollas
1140 1795 1180 1825 ut
1201 1788 1389 1839 quidquid
1411 1788 1567 1826 fecerint

243 1860 301 1896 vel
339 1860 503 1898 dixerint
537 1860 696 1897 credant
733 1859 838 1909 quod
881 1860 928 1897 sit
966 1859 1183 1897 faciendum
1221 1859 1455 1898 catholicum
1493 1859 1568 1896 sive

244 1943 386 1969 verum.
462 1931 539 1968 Sed
576 1932 700 1969 maior
738 1931 834 1968 foret
871 1931 1070 1969 blasfemia
1110 1932 1263 1981 exigere
1303 1931 1569 1968 obedienciam

29 2008 73 2038 G.
243 2002 437 2040 credendo
467 2001 710 2040 defendendo
742 2002 800 2040 vel
834 2002 1064 2052 exequendo
1095 2002 1242 2039 falsum.
1301 2002 1442 2040 Tercio
1471 2000 1834 2040 con—(3⁸1fth22P01>eis

1576 2035 1694 2067 ofequal
1705 2035 1848 2067 authority

244 2074 414 2111 firmatur
434 2087 481 2111 ex
502 2073 576 2111 hoc
598 2074 702 2123 quod
723 2074 752 2111 si
774 2081 861 2111 sunt
880 2074 981 2123 paris
1005 2074 1236 2111 auctoritatis
1265 2086 1353 2111 cum
1383 2073 1566 2123 apostolis
1580 2069 1846 2134 Xghhttlssesssss'jsses

192 2162 230 2194 ²5
244 2151 281 2182 et
319 2145 504 2194 scripture
542 2157 647 2182 sacre
685 2145 914 2191 auctoribus,
954 2157 1044 2182 cum
1089 2152 1264 2194 possunt,
1303 2151 1345 2182 ut
1391 2135 1828 2201 inquiunttsffgigffifflffgfgs

245 2215 467 2253 seductores
505 2228 649 2261 eorum,
681 2216 905 2265 scripturam
943 2225 1090 2253 sacram
1129 2216 1319 2265 corrigere
1358 2223 1395 2254 et
1433 2223 1566 2253 contra
1580 2202 1789 2268 {2¹³2}ssssssssss

245 2287 463 2336 apostolum
501 2298 545 2324 ac
579 2286 779 2324 dominum
817 2287 1048 2336 dispensare,
1082 2287 1229 2324 videtur
1266 2287 1372 2336 quod
1409 2287 1566 2324 fluctuat

1579 2270 1661 2303 papal
1687 2269 1847 2300 interpreta-

1579 2304 1652 2329 tions
1665 2303 1720 2329 and
1737 2303 1847 2328 amend-

246 2358 428 2407 scripture
449 2370 555 2395 sacre
576 2358 790 2403 auctoritas,
806 2370 894 2395 cum
914 2358 984 2407 ipsi
1007 2365 1085 2395 tam
1106 2358 1257 2407 fragiles
1277 2359 1428 2408 possint
1443 2359 1567 2408 ipsam

1581 2343 1670 2363 ments
1683 2337 1714 2363 of
1724 2336 1752 2362 it.

248 2435 284 2467 et
303 2429 383 2466 eius
404 2441 558 2466 sensum
589 2434 802 2478 pervertere
816 2429 839 2476 ¹,
862 2434 899 2466 et
929 2436 1020 2466 tunc
1051 2429 1207 2467 indubie
1236 2436 1323 2467 sunt
1356 2430 1570 2479 superiores

195 2524 237 2555 30
250 2500 409 2538 ecclesia
428 2501 696 2550 triumphante,
714 2501 808 2538 sicut
828 2507 943 2549 caput
962 2513 1095 2538 eorum
1116 2501 1307 2538 extollitur
1326 2513 1439 2551 super
1454 2514 1572 2539 omne

250 2571 356 2620 quod
390 2571 523 2608 dicitur
555 2571 659 2610 deus.
716 2572 835 2609 Istam
869 2572 1106 2609 sentenciam
1141 2572 1254 2610 debet
1294 2572 1414 2609 fidelis
1448 2572 1572 2610 dicere

253 2641 475 2679 obedienter
513 2650 724 2679 reverenter
763 2649 799 2680 et
836 2641 1047 2680 ferventer²
1076 2655 1234 2681 romane
1271 2643 1444 2688 ecclesie,
1483 2644 1572 2692 quia

252 2719 400 2750 tantum
432 2712 608 2751 dicuntur
639 2720 788 2762 satrape
821 2714 901 2751 eius
922 2715 960 2751 in
980 2713 1219 2751 blasfemiam
1250 2714 1436 2763 provoluti
1467 2714 1572 2763 quod

253 2784 474 2833 ignorantes
507 2784 631 2833 legem
664 2783 903 2834 fragilitatem
935 2792 972 2824 et
1002 2786 1151 2835 lapsum
1190 2786 1388 2835 proprium
1423 2792 1573 2823 contra-

199 2876 238 2908 35
255 2855 386 2893 dicunt
416 2855 592 2892 maniace
624 2856 693 2892 sibi
723 2855 814 2905 ipsis
843 2863 879 2894 et
909 2856 983 2906 legi
1018 2856 1174 2900 domini,
1197 2856 1361 2905 perdunt
1390 2857 1573 2905 plurimos

349 2938 357 2956 ¹
383 2939 563 2969 subvertere
578 2943 641 2978 pro
663 2944 848 2980 pervertere,
867 2947 898 2969 n.
985 2938 997 2956 ²
1022 2939 1159 2971 furenter
1175 2944 1237 2980 pro
1261 2940 1424 2977 ferventer,
1445 2949 1477 2970 Α.
