2018 3401
98 346 177 397 158
808 354 871 386 DE
904 354 1098 387 OFFIclo
1132 354 1286 387 REGIS.

94 469 328 535 ἑῗιιςῐιιέἷῑὲὶὺῐέξῗρ
375 460 602 498 obediencia
627 461 683 499 sui
713 460 883 510 episcopi
903 461 951 499 ad
972 461 1249 510 perficiendum
1280 462 1398 499 curati
1429 461 1596 499 officium
1631 462 1704 499 sint

94 537 317 601 ffiffizqsipesslear
374 533 563 581 exempti!
621 532 671 569 Et
703 539 833 570 tamen
854 540 999 570 certum
1027 539 1095 578 est,
1116 545 1203 570 cum
1233 533 1306 570 hoc
1337 533 1383 570 sit
1413 540 1549 571 contra
1578 534 1704 583 legem

93 604 206 631 service.
375 603 434 640 (lei
456 611 570 653 atque
591 604 759 649 ecclesie,
777 604 1059 642 excomunicati
1080 603 1204 641 forent
1225 617 1246 642 a
1267 604 1340 641 deo
1362 605 1426 654 qui
1447 604 1560 641 talem
1581 605 1704 653 legem

374 674 544 723 iniquam
579 675 791 712 conderent
829 675 886 712 vel
925 675 1006 712 eius
1045 675 1211 724 practice
1251 682 1385 713 contra
1424 675 1484 712 dei
1522 675 1704 713 iudicium

376 746 646 782 consentirent.
703 745 818 782 Unde
839 746 1110 794 episcoporum
1131 746 1227 784 foret
1241 745 1251 765 ¹
1274 747 1378 784 omni
1399 746 1532 784 timore
1555 746 1703 784 fortune
1718 751 1736 783 5

375 817 591 865 postposito
622 816 888 854 consuetudini
923 817 986 853 tali
1021 817 1192 854 resistere
1226 825 1262 855 et
1297 830 1433 855 omnes
1467 824 1618 855 curatos
1650 818 1705 855 eis

376 887 549 925 subditos
580 894 803 925 constanter
835 887 883 925 ad
913 889 1080 937 pastoris
1112 888 1280 926 officium
1319 901 1508 935 coercere,
1541 889 1704 926 (licendo

98 962 364 1028 giffogslffiuiiiebe
377 959 466 1007 regi,
482 959 511 995 si
531 966 693 1008 oportet,
709 959 806 996 sicut
821 958 992 1008 Baptista
1007 960 1100 996 dixit
1115 960 1275 1005 Herodi,
1289 960 1380 997 illud
1395 960 1589 997 decretum
1606 973 1704 1010 pape
1720 968 1850 1042 Βεοτεῒ.

1758 1037 1765 1043 .
1780 1019 1813 1042 x.
1829 1022 1856 1042 c.
1873 1020 1902 1042 2.

96 1029 546 1095 ξζέῑὲἶὲξίζξῗὲξᾶὸὃίωπὴί
585 1030 754 1079 positum
789 1030 836 1067 di.
858 1043 893 1067 x.
924 1029 1014 1067 IVon
1045 1032 1128 1067 [ἰαί
1156 1030 1384 1080 Imperalorz'
1409 1028 1501 1083 [vel]
1534 1033 1703 1080 cuiquam

95 1097 181 1123 §med
198 1098 303 1124 Hemd·
369 1102 539 1150 pielalem
560 1099 797 1138 custodzknli²
817 1102 964 1149 alsqm'd
978 1107 1106 1138 contra
1128 1103 1303 1139 mandata
1331 1103 1459 1139 divina
1482 1109 1703 1151 presumere,
1720 1119 1759 1143 10

376 1186 437 1208 nec
465 1172 662 1220 quidquam
692 1173 790 1220 qnod
813 1173 1059 1221 ewangelt'sle's
1085 1174 1143 1210 vel
1164 1175 1387 1222 proplzclz'cl's
1411 1179 1478 1210 aul
1500 1176 1707 1223 aposlolt'cz‘s

372 1244 548 1292 preceptis
580 1244 638 1279 vel
672 1244 812 1291 regulis
846 1244 969 1291 obviet,
1005 1258 1123 1293 agere.
1183 1245 1259 1282 Sed
1297 1245 1389 1294 quid
1428 1245 1562 1294 magiS,
1597 1258 1705 1295 rogO,

379 1315 505 1351 obviet
544 1314 617 1363 legi
649 1315 709 1351 dei
742 1327 859 1364 quam
899 1327 1029 1363 regem
1067 1315 1302 1365 proditorem
1344 1317 1403 1353 dei
1435 1316 1638 1354 defendere
1669 1322 1705 1354 et

378 1385 615 1422 detractum-⁹·
637 1398 658 1422 a
687 1385 816 1422 divino
849 1386 977 1423 officio
1002 1398 1072 1423 suo
1102 1387 1262 1424 seculari
1293 1387 1418 1424 officio
1449 1388 1654 1437 peregrino
1683 1400 1705 1425 a

378 1457 524 1494 clericis
544 1457 790 1505 mancipare?
820 1457 894 1494 hoc
917 1457 1019 1494 enim
1041 1465 1211 1506 vergeret
1231 1458 1280 1495 ad
1301 1458 1504 1495 discrimen
1537 1459 1643 1507 regni
1668 1466 1703 1496 ct
1721 1464 1757 1496 15

377 1528 588 1576 periculum
626 1535 704 1565 tam
742 1528 1000 1565 fraudatarum
1035 1541 1152 1578 quam
1185 1529 1257 1566 hoc
1288 1529 1585 1566 defcndencium
1624 1531 1704 1567 ani-

377 1611 539 1636 marum.

99 1678 370 1739 {12523‘35321‘5}
433 1671 593 1708 Fructus
613 1677 740 1708 autem
761 1672 899 1708 tercius
920 1671 1086 1720 predicte
1107 1671 1202 1720 legis
1222 1671 1317 1708 soret
1338 1671 1463 1709 honor
1483 1672 1555 1718 dei,
1577 1672 1678 1709 salus
1693 1673 1706 1692 ⁴

99 1747 214 1807 ffirligrssitt
215 1748 365 1813 ἐξὲιὲτυὲτξ
377 1742 509 1791 populi
529 1749 566 1779 et
587 1743 887 1780 stabilimentum
918 1743 1036 1791 regni.
1097 1742 1187 1780 Hoc
1214 1743 1314 1780 enim
1336 1743 1432 1780 foret
1452 1743 1622 1781 medium
1644 1744 1705 1780 cui

99 1815 339 1874 ffl'gffgnfgffi'ffi‘e
377 1825 493 1849 nemo
512 1813 727 1862 imponeret
747 1813 916 1851 colorate
937 1813 1186 1863 columpnam
1203 1814 1250 1851 ad
1267 1814 1554 1862 practisandum
1575 1827 1706 1864 supra·
1721 1819 1761 1840 20

99 1882 329 1948 gssdfielffiffiffg
378 1884 517 1921 dictam
539 1884 841 1930 conclusionem,
865 1885 972 1933 quod
993 1885 1095 1922 laicis
1115 1885 1221 1933 regni
1243 1884 1339 1922 soret
1360 1892 1508 1934 aptatus
1526 1899 1707 1924 numerus

99 1949 613 2009 gssfiggtssggilssmffltelericorum,
649 1955 739 2003 ipsis
770 1955 980 1992 viventibus
1019 1968 1113 2004 pure
1145 1957 1192 1993 de
1224 1956 1393 2002 decimis,
1426 1957 1704 2004 oblacionibus,

379 2026 610 2072 elemosinis,
628 2033 719 2063 tunc
735 2026 886 2064 residuo
908 2026 1086 2063 secularis
1103 2026 1260 2063 dominii
1276 2027 1461 2064 existente
1476 2028 1513 2063 in
1527 2028 1705 2065 manibus

382 2096 400 2116 *
418 2097 614 2134 laicorum.
657 2097 764 2133 Deus
780 2097 882 2134 enim
896 2097 1037 2146 aptavit
1050 2097 1192 2134 clerum
1213 2097 1326 2146 legis⁵
1342 2098 1475 2134 veteris
1491 2098 1704 2135 secundum
1720 2106 1766 2134 34
1783 2106 1819 2135 b.

380 2181 582 2205 numerum
604 2168 643 2204 in
671 2180 749 2217 quo
782 2174 1054 2205 sustentaretur
1074 2168 1121 2205 de
1142 2168 1297 2205 decimis
1318 2168 1475 2217 quando
1496 2168 1564 2205 fuit
1584 2169 1707 2217 magis
1722 2182 1759 2213 25

380 2240 641 2277 necessarium
673 2239 811 2276 habere
844 2239 933 2277 cleri
965 2239 1249 2276 multitudinem
1282 2246 1438 2288 propter
1466 2239 1560 2287 legis
1590 2252 1709 2277 onera

102 2318 351 2384 tlsszzgieffgrffi,
384 2323 499 2359 quam
537 2318 594 2348 est
629 2310 760 2348 modo.
820 2310 857 2346 Si
895 2311 1008 2359 igitur
1046 2311 1233 2360 capitanei
1273 2310 1480 2359 corporalis
1519 2311 1708 2348 exercitus

101 2392 358 2451 ῗὲὲςὶῗζὲἏῖἕζξῧε
384 2382 525 2419 debent
542 2381 749 2418 certificare
771 2382 848 2430 regi
871 2382 917 2418 de
939 2394 1101 2419 numero
1122 2381 1355 2431 etqualitate
1372 2393 1527 2418 suorum
1545 2382 1707 2418 militum

99 2453 362 2512 Effiffiegsatflhfflffss·
384 2453 728 2502 correspondenter
749 2453 796 2489 ad
818 2453 948 2489 datum
971 2452 1214 2501 stipendium,
1238 2452 1360 2488 multo
1380 2452 1503 2501 magis
1524 2453 1706 2502 episcopi,

100 2520 324 2579 ‘lfffigsffifflctffie
382 2523 570 2572 capitanei
609 2523 813 2571 spiritualis
851 2524 1050 2569 exercitus,
1095 2524 1234 2560 debent
1272 2523 1503 2571 respondere
1542 2524 1622 2572 regi
1660 2523 1706 2560 de
1720 2533 1761 2563 30

103 2588 189 2612 heads
203 2587 232 2613 of
244 2588 291 2612 the

101 2621 327 2653 wiriwalam),-
382 2607 542 2631 numero
583 2601 620 2630 et
658 2595 792 2631 virtute
832 2595 1033 2643 spiritualis
1067 2595 1215 2639 milicie,
1255 2606 1343 2631 cum
1377 2607 1424 2631 ex
1464 2595 1537 2632 fide
1570 2608 1636 2632 rex
1670 2603 1707 2632 et

381 2678 542 2714 regnum
573 2665 715 2702 debent
746 2665 791 2703 de
822 2666 894 2702 isto
927 2666 1095 2702 exercitu
1126 2665 1210 2714 plus
1239 2677 1386 2702 curare.
1442 2666 1564 2702 Aliter
1602 2666 1705 2702 enim

380 2744 509 2787 posset
531 2737 752 2785 contingere
773 2736 879 2785 quod
899 2736 983 2785 plus
1004 2748 1121 2785 quam
1141 2736 1255 2773 tercia
1275 2747 1364 2784 pars
1385 2736 1577 2773 bonorum
1601 2737 1706 2785 regni

380 2807 478 2844 soret
499 2807 732 2844 subtractum
755 2814 791 2844 ct
812 2814 1083 2856 consumptum
1104 2818 1170 2855 per
1191 2806 1357 2843 discolos
1379 2807 1458 2844 sine
1480 2819 1705 2856 correspon-

424 2898 434 2916 ¹
460 2899 576 2935 forent,
602 2907 636 2929 Α.
736 2899 747 2915 “-“
770 2898 986 2936 custodiendi,
1014 2907 1048 2929 Α.
1149 2897 1160 2914 ³³
1184 2897 1345 2929 decretum
1364 2903 1427 2939 pro
1451 2898 1642 2936 detractum,
1672 2906 1704 2928 Α.

381 2950 389 2966 ¹
416 2950 508 2980 stilus
526 2956 587 2991 pro
605 2950 703 2988 salus,
724 2958 751 2980 lt.
843 2950 854 2969 ⁵
879 2950 961 2991 regis
980 2954 1041 2991 pro
1058 2949 1148 2990 legis,
1167 2957 1199 2981 Α.
