2018 3401
117 311 196 364 236
812 317 875 347 DE
908 317 1102 348 OFFICIO
1137 316 1290 348 REGIS.

397 423 587 460 subiectis.
649 421 752 459 Nam
774 421 932 459 subiecti
954 433 1044 470 sepe
1066 421 1206 458 exinde
1235 421 1519 458 contrariantur
1540 421 1724 460 voluntati

115 504 336 570 ffigffss‘ffssjfsssssse
395 494 520 531 divine
541 493 648 543 quod
669 493 832 530 omnino
852 492 999 540 desapit
1026 492 1191 540 culpam.
1251 491 1421 529 Subiecti
1441 492 1564 529 eciam
1586 492 1724 530 exinde

113 571 381 638 gqfiossspffigivaigss
394 565 479 614 plus
499 565 634 601 timent
662 563 860 600 hominem
887 569 1044 611 propter
1073 562 1154 599 eius
1181 574 1321 611 penam
1356 562 1542 599 inflictam
1571 569 1725 600 contra-

134 615 138 623 ,
173 625 179 635 ‚
308 615 348 631 ‚e

114 639 165 698 {3130}
168 638 357 704 ffeussissiffiffsm
393 635 606 673 dicentibus
627 645 743 683 quam
765 633 899 670 timent
919 632 1034 669 deum
1051 632 1288 681 infligentem
1304 644 1446 681 penam
1463 633 1725 670 insensibilem

114 706 270 732 ¹¹¹0¹eth³1¹
284 706 379 733 G0d’S·
393 713 430 744 et
469 712 668 743 remotam.
728 703 804 741 Sed
844 704 873 740 si
913 703 996 740 talis
1036 703 1202 740 titubans
1244 701 1261 721 *
1303 702 1504 740 infidelitas
1543 703 1724 741 continue
1738 713 1943 744 Formob.

392 776 563 813 infuisset
602 775 819 812 martiribus
853 773 1053 824 quomodo
1092 786 1140 811 ex
1179 785 1313 811 eorum
1352 785 1509 822 agressu
1549 773 1724 811 tantum¹

391 848 569 896 viguisset
590 845 773 883 ecclesia!
832 844 940 882 Licet
960 845 1064 882 enim
1085 845 1308 893 persecucio
1331 844 1400 881 ista
1420 844 1657 893 yppocritica
1678 844 1724 881 sit

394 917 652 967 periculosior,
675 923 717 954 ut
738 922 842 965 patet
863 915 1000 953 Matth.
1019 915 1133 960 xxiiii,
1156 927 1204 952 eo
1224 914 1331 964 quod
1352 921 1409 952 est
1430 915 1521 952 dolo
1539 915 1723 961 subtilior,
1738 921 1838 953 Matt.
1855 921 1942 952 xxiv.

393 997 523 1026 tamen
545 1001 592 1026 ex
614 988 690 1026 fide
719 988 906 1037 scripture
936 993 991 1024 est
1022 987 1086 1035 pio
1115 986 1296 1023 cristiano
1327 986 1503 1023 doctrina
1533 986 1726 1024 sufficiens
1741 974 1790 1006 ²9'

394 1059 442 1098 ad
464 1059 737 1097 declinandum
758 1065 795 1095 et
815 1057 1090 1095 destruendum
1114 1057 1184 1094 has
1211 1056 1375 1094 hereses.
1434 1056 1538 1094 Nam
1560 1056 1591 1094 si
1611 1068 1726 1094 cecus
1742 1073 1780 1096 10

393 1131 615 1180 prepositus
650 1142 745 1167 ceco
784 1129 936 1167 subdito
975 1128 1160 1166 ducatum
1199 1128 1403 1177 prestiterit
1442 1127 1491 1165 ad
1529 1127 1725 1177 agendum

394 1208 527 1238 contra
552 1200 788 1238 voluntatem
817 1200 998 1245 divinam,
1032 1211 1121 1236 cum
1153 1198 1246 1236 deus
1275 1198 1338 1236 wlt
1363 1197 1591 1247 generaliter
1620 1198 1727 1248 quod

394 1272 513 1310 homo
548 1271 660 1308 faciat
695 1271 768 1308 deo
798 1270 1018 1320 placencius
1053 1276 1090 1307 et
1121 1269 1190 1307 sibi
1221 1269 1294 1318 ipsi
1327 1268 1467 1314 utilius,
1502 1268 1550 1305 ad
1577 1274 1727 1305 tantum

394 1349 524 1392 posset
559 1342 733 1380 subditus
768 1353 852 1379 esse
888 1341 927 1377 in
962 1340 1109 1390 peccati
1146 1339 1297 1377 foveam
1330 1338 1587 1388 profundatus
1621 1339 1727 1388 quod

119 1424 204 1450 Isthe
217 1423 348 1456 Apostles
396 1413 509 1451 faciat
534 1413 695 1450 omnino
727 1412 800 1450 deo
830 1412 1037 1461 displicens
1067 1418 1104 1449 et
1133 1411 1204 1449 sibi
1227 1411 1369 1447 inutile.
1429 1410 1468 1447 Si
1489 1422 1583 1459 ergo
1604 1410 1784 1448 sanctio.

114 1457 291 1488 sinned,how
300 1456 383 1483 much

116 1491 340 1556 {sssssszffiisfssihe
396 1484 559 1534 apostoli
587 1484 832 1521 consulentes
852 1482 980 1520 Deum
1010 1481 1201 1519 humiliter
1230 1486 1438 1530 peccarunt
1467 1481 1659 1527 continue,
1684 1486 1726 1517 ut

116 1557 214 1623 ¹5szssss
225 1558 365 1624 gissiiede?
396 1561 500 1604 patet
521 1553 602 1591 Ioh.
629 1561 681 1599 10,
700 1560 844 1602 quanto
865 1553 988 1601 magis
1009 1552 1131 1601 ignari
1152 1557 1358 1601 sequentes
1374 1550 1513 1588 ducem
1530 1550 1725 1616 superbie?
1737 1559 1938 1603 J0h,xxi,[2]‚

396 1625 505 1663 Licet
526 1631 653 1662 autem
676 1625 899 1673 capitaneus
920 1623 1045 1672 magis
1064 1629 1209 1672 peccat,
1230 1629 1360 1659 tamen
1391 1627 1542 1670 oportet
1562 1621 1725 1659 omnino

394 1695 501 1746 quod
522 1701 684 1745 peccent
707 1700 914 1743 sequentes
934 1694 1016 1731 eius
1031 1693 1198 1742 vestigia,
1217 1698 1254 1729 et
1274 1692 1489 1741 specialiter
1510 1691 1673 1729 scientes
1689 1697 1726 1729 et

395 1766 633 1815 negligentes
682 1766 808 1814 ipsum
847 1765 1048 1814 corripere.
1105 1763 1168 1800 Ad
1215 1762 1289 1800 hoc
1337 1763 1440 1800 enim
1479 1762 1584 1799 dedit
1629 1762 1724 1800 deus
1739 1779 1779 1800 20

394 1836 542 1874 homini
564 1837 792 1885 scripturam
813 1835 1017 1873 voluntatis
1038 1847 1104 1871 sue
1125 1840 1165 1870 ut
1185 1834 1420 1883 contemptis
1448 1833 1725 1871 tradicionibus

115 1914 252 1952 Thr9ugh
267 1913 301 1940 its
322 1907 597 1946 per-hominum
629 1907 845 1944 secundum
875 1906 998 1955 ipsam
1030 1905 1144 1953 eligat
1176 1904 1344 1953 pociora.
1401 1903 1451 1940 Et
1473 1903 1526 1941 sic
1548 1915 1726 1952 perversa

115 1956 225 1973 vei-Sion
239 1956 266 1972 m
280 1947 327 1972 the

116 1977 558 2039 ffiffiecsstffgffiffim'eoelffiia
598 1977 646 2014 ab
684 1977 830 2014 unitate
878 1975 1013 2025 capitis
1065 1976 1102 2012 in
1150 1973 1433 2011 multitudinem
1481 1973 1661 2022 capitum,
1701 1985 1724 2010 a

115 2047 258 2108 ξξξὲῗξῑὸ
270 2047 357 2080 gOiflg
397 2048 594 2097 privilegio
615 2048 653 2084 in
674 2047 928 2096 privilegium,
951 2053 988 2083 et
1017 2045 1177 2082 omnino
1199 2045 1249 2081 ab
1278 2043 1507 2081 obediencia
1530 2044 1569 2079 in
1590 2042 1723 2081 obedi-

396 2119 548 2156 enciam
568 2130 726 2155 necesse
754 2124 810 2154 est
838 2117 961 2166 ipsam
990 2116 1044 2152 ire
1074 2116 1112 2152 in
1142 2115 1403 2165 precipicium.
1462 2114 1601 2152 Omnis
1620 2115 1722 2151 enim
1738 2129 1776 2160 25

397 2196 582 2235 creatura,
608 2189 733 2226 eciam
757 2187 1052 2237 pseudocristus,
1075 2186 1166 2223 dicit
1188 2185 1205 2205 *
1230 2185 1321 2222 mihi
1347 2184 1578 2230 naturaliter,
1600 2191 1637 2222 et
1657 2196 1724 2233 per
1735 2193 1785 2222 48
1802 2193 1837 2222 d.

395 2270 640 2309 consequens
670 2258 838 2308 proprie,
861 2257 965 2307 quod
986 2257 1060 2294 deo
1080 2263 1135 2294 est
1157 2268 1270 2305 super
1289 2255 1420 2293 omnia
1449 2254 1721 2300 obediendum,

396 2337 432 2367 et
471 2329 659 2366 infinitum
695 2328 781 2377 plus
814 2339 932 2377 quam
971 2327 1042 2376 ipsi
1084 2326 1360 2376 pseudocristo,
1393 2326 1458 2374 qui
1496 2325 1588 2362 dicit
1630 2324 1723 2361 mihi

398 2400 657 2438 innaturaliter
689 2405 724 2436 et
756 2399 954 2447 inproprie
986 2397 1093 2447 quod
1127 2397 1252 2434 debeo
1283 2396 1333 2434 ad
1362 2395 1589 2433 mandatum
1610 2407 1722 2432 suum

396 2470 519 2508 facere
549 2469 735 2506 voluntati
767 2469 894 2506 divine
928 2468 1174 2506 contrarium.
1247 2467 1298 2504 Et
1319 2465 1478 2504 tamen²
1506 2466 1721 2503 obaudiens
1735 2479 1777 2511 30

395 2547 527 2578 muteo
554 2539 683 2589 quoad
715 2539 808 2576 illud
837 2538 943 2588 quod
974 2538 1066 2575 deus
1099 2538 1138 2575 in
1173 2538 1258 2587 ipso
1291 2537 1458 2586 loquitur
1486 2543 1522 2573 et
1556 2535 1721 2573 obedio³

395 2611 578 2648 mandato
601 2610 707 2659 quod
732 2609 864 2646 lucifer
885 2609 923 2645 in
944 2609 1030 2657 ipso
1050 2608 1228 2658 loquitur.
1287 2607 1382 2644 Ideo
1410 2619 1491 2644 non
1521 2606 1660 2643 mirum
1690 2605 1722 2643 si

396 2682 530 2730 religio
550 2694 597 2718 ex
619 2680 770 2718 defectu
791 2691 879 2717 vere
899 2679 1123 2716 obediencie
1145 2679 1190 2715 sit
1209 2689 1349 2715 eversa.

450 2751 541 2797 Quo
572 2751 621 2789 ad
655 2758 711 2800 31²1
742 2757 929 2800 punctum
958 2756 1063 2799 patet
1097 2749 1201 2798 quod
1234 2746 1551 2785 excomunicacio
1585 2753 1641 2783 est
1675 2746 1720 2782 ti-
1733 2748 1781 2776 H·

397 2822 550 2866 menda,
571 2828 608 2859 et
628 2821 840 2870 specialiter
861 2821 911 2857 illi
932 2820 998 2870 qui
1018 2818 1288 2857 excomunicat
1305 2830 1353 2855 ne
1368 2829 1406 2855 se
1423 2817 1549 2866 ipsum
1564 2814 1718 2853 inficiat.
1733 2817 1772 2849 35

482 2902 490 2919 ¹
518 2905 656 2938 tantum,
674 2912 736 2933 om.
754 2910 786 2932 Α.
893 2901 903 2918 ²
927 2904 1051 2932 tantum
1069 2904 1132 2940 pro
1148 2902 1269 2937 tamen,
1286 2906 1319 2928 Α.
1425 2896 1436 2915 ³
1458 2894 1579 2932 obedit,
1597 2903 1630 2926 A.
