2018 3401
684 313 748 344 DE
780 312 978 346 OFFICIO
1011 312 1167 344 REGIS.
1779 316 1859 357 203

38 427 133 459 Matt.
147 427 224 460 xvii.
252 423 355 466 patet
386 417 525 454 Matth.
548 417 622 454 xvii
643 423 680 454 et
706 418 814 455 xxiiO.
873 417 988 455 Unde
1020 430 1111 456 cum
1142 417 1286 456 Pilatus
1314 417 1481 455 audisset
1508 418 1579 455 hos

38 471 98 547 Ξῗῖ
121 481 198 502 ΧΧΗ·
253 500 451 526 sermones
480 489 604 538 magis
634 489 766 534 timuit,
796 489 887 526 alias
917 496 1045 526 autem
1075 489 1346 526 accusaciones
1375 489 1512 526 abiecit
1540 495 1581 525 ut

252 559 416 597 frivolas.
475 559 576 597 Sicut
596 572 687 609 ergo
709 559 855 597 Cristus
874 559 943 597 fuit
963 560 1084 609 legius
1101 560 1270 597 Herodis
1291 566 1328 597 et
1350 559 1514 606 Cesaris,
1530 559 1583 596 sic
1597 566 1739 632 fixggcekggzt
1749 567 1862 625 §vsasthe

254 630 395 667 debent
425 631 714 680 exproprietarii
743 631 823 668 eius
853 632 1191 669 conversacionem
1222 631 1475 681 propinquius
1500 631 1584 667 imi-
1599 633 1865 660 HerodandCaesar

1598 677 1629 693 so
1641 674 1715 693 must
1728 668 1809 693 those

221 707 386 746 5tantes.
443 701 506 738 Ad
535 701 609 738 hoc
642 702 745 739 enim
778 703 880 739 venit
914 702 1136 739 humanitus
1165 715 1246 739 non
1285 702 1345 739 hic
1380 700 1865 768 ministrari§ggejssiffieoffffffe

35 777 134 809 Matt.
153 789 204 810 xx.
253 772 320 809 sed
347 772 560 810 ministrare
587 779 624 810 et
653 773 786 819 subici,
808 781 848 810 ut
880 774 992 811 docet
1021 786 1113 811 suos
1141 773 1340 822 apostolos
1363 773 1499 810 Matth.
1521 786 1583 810 xx.
1600 768 1686 802 King·

39 822 88 854 28.
255 842 444 881 Condicio
482 844 610 894 itaque
651 845 905 894 perfeccionis
938 846 1146 894 apostolice
1185 852 1242 883 est
1280 845 1424 883 clerum
1464 845 1868 919 SUbiCiffleciffgct‘fflnhsss

254 914 414 952 domino
435 916 605 962 seculari,
625 916 715 965 quia
735 917 854 953 nostri
870 915 882 936 1
898 917 936 952 in
957 917 1027 954 ista
1046 917 1245 966 paciencia
1260 917 1433 954 vicerunt
1452 929 1581 966 regna,
1595 920 1784 980 {ffliissiolri'ssdf
1793 919 1815 946 is
1828 929 1845 946 a

253 985 461 1023 fundarunt
481 994 517 1024 et
537 987 784 1036 pacificarunt
808 988 1023 1034 ecclesiam,
1046 995 1081 1026 et
1102 987 1337 1025 intendendo
1357 987 1523 1025 civilitati
1544 994 1580 1024 et
1592 987 1741 1048 &gfff-&0¹10
1761 989 1864 1020 Persec-

202 1074 242 1096 ιο
254 1056 516 1095 dominacioni
539 1058 578 1094 in
605 1059 826 1108 oppositum
856 1059 1077 1105 niterentur,
1097 1066 1134 1096 et
1164 1059 1268 1096 illam
1297 1059 1581 1096 subieccionem

254 1129 645 1177 exproprietariorum
667 1131 799 1168 vocavi
828 1138 942 1168 antea
972 1131 1259 1168 subieccionem
1280 1129 1338 1166 vel
1367 1130 1585 1167 servitutem

36 1208 194 1238 F01.160
204 1208 240 1238 b.
255 1199 540 1248 ewangelicam,
562 1213 642 1238 non
663 1201 821 1248 civilem,
843 1214 932 1239 cum
953 1200 1301 1251 ex*proprietarius
1323 1201 1436 1239 debet
1455 1213 1584 1239 carere

254 1271 440 1318 civilitate,
471 1271 559 1308 licet
596 1272 658 1308 alii
698 1285 812 1322 super
850 1285 898 1311 eo
936 1273 1229 1323 quodammodo
1245 1273 1259 1294 ²
1298 1273 1545 1311 dominentur
1558 1272 1582 1319 ³,

256 1341 371 1379 Unde
402 1355 490 1379 cum
524 1343 615 1380 illud
645 1343 861 1381 dominium
882 1344 928 1381 sit
949 1344 1029 1393 regi
1059 1344 1270 1393 preciosius
1284 1344 1295 1363 ‘¹
1317 1350 1353 1381 et
1374 1343 1423 1381 ad
1443 1344 1584 1381 stabili—
1596 1350 1658 1376 The
1674 1350 1751 1383 King
1764 1356 1838 1376 must

1597 1393 1614 1409 u
1637 1384 1655 1409 h
1675 1384 1703 1409 ld
1717 1384 1781 1409 hisl
1802 1393 1813 1409 r
1836 1400 1844 1405 -

202 1431 240 1463 15
255 1420 428 1451 mentum
448 1414 618 1452 notabile
638 1415 746 1464 regni
768 1416 835 1461 sui,
858 1416 972 1453 debet
992 1415 1119 1465 ipsum
1145 1415 1350 1453 defendere
1366 1422 1402 1453 et
1423 1416 1584 1453 subditis
1596 1393 1700 1450 sffipoin
1715 1417 1771 1444 this
1784 1394 1800 1410 O
1816 1384 1833 1410 d

253 1485 330 1523 suis
362 1485 530 1523 officium
564 1487 799 1524 conveniens
833 1487 1006 1525 limitare.
1075 1487 1323 1525 Conveniens
1361 1488 1447 1525 dico
1487 1458 1706 1537 opusmatoen

254 1569 323 1595 suo
350 1558 461 1595 statui
488 1570 706 1607 congruum
735 1558 957 1604 limitando;
989 1566 1141 1608 oportet
1176 1559 1279 1596 enim
1309 1559 1415 1608 quod
1446 1571 1585 1596 omnes

253 1629 344 1678 legii
374 1630 474 1678 regis
509 1631 588 1679 regi
621 1637 658 1667 et
696 1642 818 1679 regno
857 1631 1022 1668 serviant
1055 1630 1176 1668 modo
1212 1643 1292 1668 Suo.
1353 1630 1454 1668 Cum
1493 1643 1584 1680 ergo

254 1700 456 1737 servicium
494 1701 643 1738 illorum
683 1691 730 1739 sit
767 1702 893 1739 carnis
926 1708 1027 1750 patet
1066 1702 1172 1751 quod
1211 1688 1436 1750 diligencius
1471 1702 1585 1739 debet

202 1787 242 1809 20
255 1772 395 1808 servari
415 1772 453 1808 in
478 1772 554 1809 suis
574 1772 766 1810 limitibus.
825 1772 1041 1811 Contencio
1061 1779 1190 1810 autem
1221 1779 1277 1810 est
1307 1773 1409 1822 apud
1434 1773 1584 1823 logicos

255 1849 379 1880 utrum
418 1843 613 1880 subiectus
658 1843 822 1881 civilitati
863 1844 1011 1893 passive
1055 1845 1190 1882 serviat
1229 1844 1384 1882 civiliter
1423 1845 1584 1883 domino

255 1913 424 1959 seculari,
441 1914 549 1951 sicud
569 1913 711 1952 faciunt
730 1915 834 1952 bona
855 1914 1019 1961 fortune,
1042 1915 1127 1953 licet
1148 1928 1227 1954 non
1248 1923 1412 1966 possunt
1427 1917 1584 1954 civiliter

37 1989 83 2017 H.
254 1985 455 2023 dominari.
539 1985 740 2032 Quantum
787 1986 837 2023 ad
881 1986 1126 2035 alienigenas,
1176 1988 1299 2024 eciam
1355 1987 1580 2031 cardinales,
1595 1996 1862 2027 Asforsoreigners‚

1594 2039 1624 2055 so
1638 2030 1712 2061 long,
1725 2039 1756 2055 as
1769 2030 1806 2062 by
1816 2030 1864 2055 the

254 2056 400 2093 videtur
438 2056 532 2093 mihi
570 2057 678 2106 quod
715 2057 899 2107 quamdiu
937 2057 1189 2095 licenciantur
1223 2071 1245 2096 a
1278 2071 1367 2107 rege
1407 2057 1812 2129 calcafefiffissgssgfifssss}

202 2133 240 2164 25
255 2126 379 2164 solum
410 2139 533 2173 suum,
555 2127 695 2165 habere
723 2128 917 2165 vescibilia
946 2129 1054 2178 regni
1083 2130 1154 2176 sui,
1173 2137 1211 2166 et
1241 2136 1418 2166 tenentur
1447 2129 1580 2166 mode·
1596 2130 1863 2189 ἶῗὲέἓῗέἓίςθτνε

256 2210 339 2234 rare
355 2210 395 2235 se
416 2210 464 2235 ne
485 2198 685 2236 offendant
706 2199 744 2235 in
766 2199 890 2248 legem
912 2200 1011 2248 regis
1024 2200 1080 2236 vel
1101 2212 1276 2250 regnum,
1298 2206 1386 2237 sunt
1405 2200 1582 2238 homines
1595 2197 1642 2257 ἓξ
1653 2198 1816 2264 Ῑῖῖζζῖζξξξζ

255 2266 370 2317 legiiss
403 2268 488 2305 talis
518 2268 628 2317 regis.
697 2268 748 2306 Et
782 2276 885 2318 patet
918 2276 1013 2320 quot
1045 2277 1133 2307 sunt
1163 2270 1306 2319 gradus
1338 2271 1408 2307 sub
1443 2271 1582 2320 quibus
1595 2274 1667 2291 men.

255 2339 433 2377 homines
468 2339 672 2377 deveniunt
702 2340 790 2388 legii
820 2352 953 2390 regum
986 2348 1096 2388 terre,
1128 2349 1285 2391 propter
1322 2342 1428 2391 quod
1463 2342 1583 2379 sensi-

255 2410 378 2448 biliter
396 2410 597 2460 loquentes
626 2411 735 2448 non⁷
756 2412 955 2450 attendunt
984 2412 1055 2449 nisi
1082 2412 1131 2449 ad
1157 2424 1289 2462 grosse
1310 2420 1346 2450 et
1366 2413 1584 2450 notabiliter

38 2489 85 2519 42
102 2490 138 2519 d.
256 2482 376 2531 legios
408 2481 427 2500 *
458 2494 621 2531 regnum
651 2482 809 2519 civiliter
838 2483 1060 2521 incolentes.
1120 2483 1197 2522 Sed
1227 2491 1371 2521 certum
1409 2490 1465 2521 est
1494 2496 1582 2522 cum

255 2560 406 2602 oportet
439 2566 571 2603 regem
605 2566 742 2592 omnes
776 2553 870 2591 tales
907 2566 954 2591 ex
992 2554 1230 2592 humanitate
1268 2561 1332 2592 tua
1369 2561 1582 2604 protegere,

256 2624 443 2662 beneficia
481 2626 588 2674 regni
633 2625 691 2664 sui
735 2626 898 2663 tribuere
936 2632 973 2663 et
1011 2626 1060 2663 ad
1098 2626 1414 2663 observacionem
1453 2626 1581 2675 legum

255 2692 406 2743 patrie⁸
431 2695 643 2743 cohercere,
666 2697 771 2747 quod
800 2704 886 2734 sunt
916 2696 1002 2745 legii
1033 2696 1143 2745 regis,
1165 2697 1236 2733 sibi
1265 2697 1407 2735 subditi
1437 2703 1473 2734 ct
1504 2698 1581 2734 suis

299 2809 308 2827 ¹
331 2810 446 2849 nostri,
461 2821 522 2842 om.
538 2819 573 2842 A.
662 2810 673 2828 ²
689 2812 789 2843 modo
806 2815 879 2852 post
894 2811 1149 2852 quodammodo,
1166 2812 1239 2843 add.
1259 2820 1292 2844 A.
1391 2810 1403 2827 ³
1419 2812 1579 2843 ducuntur

248 2868 312 2903 pro
328 2862 546 2902 dominentur,
564 2871 593 2895 B.
685 2864 695 2881 ¹
711 2864 909 2905 preconsi11S‚
924 2871 956 2893 A.
1046 2863 1058 2880 ⁵
1074 2864 1203 2903 calcari,
1222 2873 1254 2896 A.
1344 2865 1356 2882 θ
1371 2864 1460 2905 legii,
1471 2875 1530 2895 om.
1545 2872 1577 2895 A.

255 2912 267 2930 ⁷
290 2924 365 2946 vero
383 2919 445 2956 pro
460 2925 536 2954 non,
553 2923 585 2947 A.
675 2916 686 2934 ⁸
708 2917 812 2957 prime
828 2920 892 2957 pro
908 2916 1023 2957 patrie,
1041 2924 1073 2946 A.
