2018 3401
675 275 739 307 DE
769 275 964 308 OFFICIO
997 277 1153 309 REGIS.
1813 270 1864 322 89

41 385 136 417 Rom.
154 384 174 416 i.
193 393 243 424 32.
256 376 299 427 i0‚
320 380 409 419 Non
429 377 544 418 selum
564 382 634 430 qui
648 383 742 419 talia
761 386 883 431 agunt
901 382 1014 431 digni
1027 387 1115 419 sunl
1133 387 1255 428 morse,
1277 376 1343 419 „red
1357 383 1426 431 qm‘
1440 395 1583 420 consen·
1602 393 1655 452 {qr
1667 392 1776 454 sinsisha

255 447 356 490 liunt
391 452 582 501 agentibus
597 465 610 490 .·
660 453 749 502 quia
788 464 877 490 cum
916 460 1118 502 peccatum
1154 453 1201 491 sit
1234 454 1274 490 in
1308 454 1447 499 anima,
1481 461 1585 503 patet
1598 433 1708 487 20:1¹¹!ng
1733 434 1743 454 t
1766 437 1782 454 e

257 523 363 573 quod
392 523 518 561 omnis
548 523 631 561 talis
661 535 873 561 consensus
907 522 1135 573 tamquam¹
1170 524 1231 561 dei
1264 524 1496 573 proditorius
1530 531 1587 562 est

256 593 482 644 culpandus.
539 593 655 632 Unde
703 595 775 631 nisi
822 593 921 632 foret
968 595 1053 632 talis
1096 594 1334 633 consensusl
1373 596 1586 645 multiplex,

225 671 242 704 5
256 665 373 703 oblita
392 665 476 715 lege
497 665 755 714 correpcionis
776 664 951 711 fraterne,
976 678 1190 715 numquam
1210 673 1358 704 tantum
1380 667 1586 704 crevissent

255 743 385 785 partes
419 742 456 773 et
489 736 665 785 discipuli
705 736 899 774 anticristi.
958 736 1090 774 Hodie
1129 749 1298 787 namque
1338 745 1425 776 sunt
1458 739 1586 787 plures
1599 749 1632 810 gg
1635 749 1821 810 risseiissswiiiffi
1829 750 1862 777 os

254 806 420 844 fautores
462 807 579 856 partis
623 807 765 844 diaboli
800 807 848 844 ad
893 806 1181 845 defendendum
1222 808 1295 846 Dei
1334 809 1490 847 iniurias
1528 809 1586 846 vel
1599 818 1850 886 {ffgggvsixsgglgssw

1852 872 1858 885 ‚

255 878 434 916 serviliter
463 878 672 916 tacendum
693 879 880 916 iusticiam
902 891 1019 929 quam
1047 886 1136 917 sunt
1164 892 1212 917 ex
1233 887 1343 929 parte
1364 880 1523 926 iusticie,
1546 881 1585 917 in
1598 886 1755 952 {xfnffoffjtig

256 955 408 986 tantum
445 949 551 998 quod
583 949 632 986 ad
662 956 812 987 tanturn
844 950 1000 987 invaluit
1031 963 1120 1000 pars
1164 951 1323 988 adversa
1354 951 1460 1001 quod
1494 958 1586 1001 aput
1598 954 1755 986 prevalent-

203 1027 244 1051 10
258 1020 400 1058 multos
421 1032 501 1057 non
533 1026 758 1069 reputantur
778 1021 836 1058 isti
858 1033 1071 1060 consensus
1092 1034 1175 1060 esse
1196 1029 1377 1072 peccata:
1410 1023 1478 1061 sed
1500 1029 1587 1060 sunt

257 1098 350 1140 aput
398 1091 493 1129 alios
534 1092 759 1140 approbata,
800 1099 891 1141 aput
932 1093 1151 1142 yppocritas
1199 1094 1381 1140 colorata,
1421 1101 1458 1131 et
1496 1100 1587 1143 aput

256 1161 442 1211 plurimos
462 1162 715 1210 pretermissa.
772 1161 918 1200 Ymmo
940 1170 1143 1212 peccatum
1166 1163 1348 1213 Symonie
1369 1165 1417 1202 ad
1438 1171 1587 1202 tantum

257 1232 413 1270 invaluit
439 1232 544 1281 quod
571 1233 803 1270 comissione
835 1233 1071 1272 omissione²
1093 1235 1152 1273 vel
1180 1248 1373 1273 consensu
1399 1237 1586 1274 maiorem

257 1310 405 1353 partem
425 1303 587 1341 ecclesie
608 1303 821 1342 maculavit.
859 1304 909 1342 Et
929 1317 1019 1342 cum
1040 1305 1132 1343 illud
1153 1306 1200 1344 sit
1221 1313 1422 1355 peccatum
1443 1307 1586 1356 gravis-

202 1383 243 1416 15
258 1375 397 1412 simum
431 1386 511 1411 non
542 1374 682 1411 mirum
714 1375 744 1412 si
773 1375 933 1413 ecclesia
959 1377 1006 1414 sit
1034 1377 1133 1415 adeo
1173 1378 1270 1415 rethi
1309 1378 1450 1417 diaboli
1482 1379 1588 1416 intri-

39 1456 76 1488 C.
90 1455 133 1488 xi.
146 1455 186 1497 Q.
198 1455 245 1488 iii.
259 1452 400 1483 catum.
458 1445 574 1483 Unde
595 1446 644 1483 xi.
666 1458 703 1495 q.
724 1446 762 1483 iii
783 1460 789 1483 :
821 1447 876 1485 sic
896 1447 1067 1494 habetur,
1087 1452 1095 1467 ‘
1114 1447 1194 1494 Qui
1208 1451 1384 1486 comeum
1400 1452 1588 1499 peccanti-

37 1510 64 1532 ο·
88 1509 158 1532 ¹⁰0·
256 1517 324 1554 bus
352 1522 386 1554 el
407 1517 567 1565 defendit
593 1519 708 1564 alium
736 1519 1003 1568 delebtqucnlem,
1026 1521 1237 1557 maledictus
1264 1523 1336 1558 erit
1359 1527 1450 1571 apul
1466 1522 1588 1559 Deum

256 1593 291 1625 et
324 1588 495 1634 homines,
534 1593 568 1625 el
607 1590 831 1639 corripietur
877 1592 1125 1639 zbzcrepacz'one
1171 1593 1411 1629 severz'ssz'ma.
1482 1593 1589 1630 Hl‘nc

255 1661 368 1696 eciam
389 1660 539 1708 quidam
560 1662 816 1698 sanclllrsz'mus
834 1667 947 1710 paler
966 1663 1049 1700 az‘l:
1081 1661 1133 1700 Se·
1146 1664 1242 1712 quis
1250 1669 1402 1712 peccata
1430 1665 1589 1714 defi’ndz'l

204 1743 244 1765 20
257 1732 385 1767 acrius
404 1744 514 1779 quam
537 1733 595 1768 ille
614 1733 683 1780 qui
688 1734 860 1780 peccavit
876 1733 1117 1770 cohercealur.
1175 1734 1219 1771 E
1217 1739 1233 1771 l
1249 1736 1349 1772 alius
1370 1741 1482 1785 paler
1505 1737 1562 1773 az'l
1575 1751 1588 1774 .·

259 1800 309 1839 Se'
329 1803 412 1850 quis
439 1803 592 1839 alterius
614 1804 741 1839 errori
762 1805 937 1841 consenlz'l
959 1806 1056 1841 scial
1079 1818 1114 1842 se
1142 1819 1222 1842 cum
1252 1807 1315 1844 illo
1343 1808 1464 1843 simili
1488 1807 1588 1844 modo

40 1880 79 1909 z.
257 1872 471 1921 culpabilem
500 1874 763 1910 radicandum?
820 1874 1010 1921 Quintum
1037 1888 1161 1925 genus
1187 1889 1412 1923 consensus,
1443 1878 1481 1915 in
1508 1890 1586 1928 quo
1601 1887 1676 1914 Fisth
1690 1887 1758 1926 kiqd
1772 1887 1804 1914 os

258 1943 488 1993 generaliter
507 1945 796 1983 communicant
815 1958 949 1983 omnes
970 1946 1071 1993 mali,
1088 1954 1144 1985 est
1165 1948 1367 1986 iuvaminis
1383 1948 1585 1998 spiritualis
1599 1922 1831 2015 ξιῖῗῆῗιῖῗίἷῖξιξῖῑ

258 2015 489 2053 subtraccio.
546 2014 649 2052 Nam
676 2028 812 2054 omnes
846 2017 992 2055 viantes
1026 2018 1167 2056 debent
1198 2031 1370 2068 pugnare
1404 1996 1716 2058 continueSplrltua
1759 1998 1814 2022 ep·

204 2086 243 2120 25
258 2092 393 2123 contra
431 2087 645 2124 exercitum
693 2088 938 2125 tenebrarum
977 2096 1014 2127 et
1054 2102 1143 2127 cum
1183 2103 1231 2127 ex
1269 2091 1304 2127 vi
1343 2091 1588 2129 comunionis

258 2163 480 2194 sanctorum
528 2158 687 2208 quilibet
721 2158 848 2196 -debet
895 2160 1022 2197 iuvare
1071 2161 1290 2210 quemlibet,
1330 2169 1434 2211 patet
1481 2162 1589 2212 quod

257 2227 424 2264 laxando
463 2228 511 2265 ab
555 2228 629 2265 isto
677 2229 867 2267 iuvamine
915 2232 1178 2277 consentitur³
1224 2233 1407 2282 implicite
1455 2240 1589 2271 contra

261 2298 430 2336 Cristum
451 2299 548 2347 parti
568 2300 770 2337 contrarie.
832 2300 894 2338 Sic
917 2302 1020 2338 enim
1045 2302 1207 2340 dicimus
1233 2304 1338 2353 quod
1363 2316 1442 2342 non
1463 2304 1587 2342 solum
1604 2315 1867 2343 Forasoldierwho

259 2369 368 2406 miles
395 2370 460 2419 qui
487 2382 667 2419 expresse
697 2377 831 2408 tractat
857 2371 904 2409 de
932 2372 1157 2421 prodicione
1185 2386 1273 2411 cum
1305 2374 1492 2422 hostibus,
1523 2375 1589 2413 sed
1602 2350 1817 2416 iiffiu‘igr‘nfyigiks't

207 2447 247 2478 30
261 2439 326 2489 qui
351 2451 391 2478 se
416 2440 543 2489 ipsum
569 2441 686 2490 gratis
717 2441 884 2479 vinculat
919 2443 1076 2492 quando
1101 2444 1258 2482 instaret
1289 2447 1471 2495 tempus⁴
1501 2446 1590 2484 belli
1603 2418 1767 2491 {5230252232
1769 2425 1834 2477 {ff}

261 2522 341 2559 quo
372 2511 517 2548 iuvaret
548 2512 687 2557 socios,
713 2513 841 2561 prodit
873 2513 1012 2551 ducem
1044 2515 1242 2552 exercitus.
1298 2516 1348 2553 Et
1380 2517 1433 2554 sic
1465 2524 1591 2566 potest
1604 2492 1749 2518 magnes.

40 2575 88 2615 D.
105 2582 229 2615 lxxxiii.
259 2581 416 2631 intelligi
436 2582 526 2620 illud
547 2583 742 2620 decretum
765 2586 812 2632 83
836 2584 1109 2623 distinccione:
1132 2585 1262 2623 Error
1281 2589 1346 2623 cui
1360 2601 1429 2624 non
1451 2589 1590 2625 resz'slz'-

43 2637 71 2659 ε’
88 2637 134 2659 ω’
153 2632 184 2658 et
200 2638 231 2658 ν’
261 2657 324 2690 tur
343 2653 582 2702 approbatur,
603 2659 636 2690 cl
662 2656 811 2701 versam,
832 2668 912 2692 cum
943 2657 1088 2693 mz'nl'me
1115 2657 1335 2706 (hfi‘nsalur,
1356 2660 1589 2707 opprz'tm'lur.

306 2782 317 2800 ¹
342 2787 509 2824 tamquam
528 2807 534 2814 .
553 2808 560 2815 .
581 2808 587 2815 .
605 2794 780 2816 consensus
797 2784 833 2815 z'n
850 2788 920 2825 sup.
940 2795 1046 2825 marg.
1063 2786 1107 2816 al.
1126 2796 1242 2825 manu,
1261 2795 1291 2817 Β.
1369 2787 1382 2804 '²
1404 2787 1590 2828 emissione,

264 2841 306 2872 A;
331 2835 518 2874 omissione,
543 2843 572 2866 Β.
677 2837 688 2855 ³
713 2837 886 2874 consentit,
912 2845 953 2872 Λ;
985 2838 1194 2874 consentitur,
1219 2846 1248 2869 Β.
1342 2839 1349 2856 ¹
1374 2844 1531 2881 tempore,
1547 2849 1591 2879 Λ;

262 2892 402 2927 tempus,
420 2894 451 2919 Β.
