2018 3401
149 320 231 351 220

143 435 196 460 Yet
210 434 257 460 the
269 442 342 460 com-

144 467 254 500 munity
267 467 347 500 gains

142 502 213 527 from
227 502 274 527 the
287 501 369 527 merit

142 535 174 561 os
184 535 220 561 its
230 534 410 562 individuals.

145 644 170 669 It
184 643 206 670 is
219 652 236 669 a
256 645 263 656 ‘
273 653 373 676 person
384 643 390 653 '

141 678 197 703 and
217 684 290 703 must
303 678 388 703 suffer

141 712 182 737 for
197 712 244 737 the
257 711 315 737 sins
333 712 365 737 of
375 711 410 738 its

141 751 226 778 parts.

142 1001 205 1028 God
219 1001 358 1034 punished

144 1036 230 1061 Israel
250 1036 293 1061 for
305 1035 353 1061 the
366 1034 408 1061 sin

141 1070 174 1095 of
183 1069 288 1100 David,

140 1361 205 1387 And
217 1360 311 1387 Christ

141 1395 241 1421 shared
255 1394 282 1420 in
296 1395 343 1420 the

140 1429 320 1461 punishment
334 1428 366 1453 of

143 1463 199 1488 His
211 1463 350 1488 brethren.

142 1513 292 1539 Moreover
300 1513 347 1538 the

142 1547 233 1573 whole
243 1556 317 1573 com-

142 1580 253 1613 munity
267 1580 360 1606 incurs

141 1615 190 1641 the
203 1614 246 1640 sin
259 1615 291 1640 os
302 1623 365 1640 con-

142 1654 212 1674 sent.

146 2278 183 2304 So
195 2278 279 2304 Israel
293 2286 350 2303 was

145 2312 283 2344 punished
296 2312 338 2337 for
352 2311 398 2336 the

144 2345 187 2372 sin
200 2346 232 2372 of
238 2345 346 2372 Achan.

147 2715 217 2741 This
230 2715 253 2740 is
264 2715 310 2740 the
329 2715 412 2740 bless-

148 2748 196 2781 ing
209 2749 240 2774 of
248 2749 356 2774 secular

148 2783 268 2815 collegas
287 2783 348 2808 that

149 2815 220 2842 their
233 2817 369 2842 members

841 316 905 348 DE
937 315 1132 348 OFFICIO
1164 315 1322 348 REGIS.

423 423 638 461 comunitas
667 422 855 472 castigari.
914 421 1018 459 Nam
1044 422 1261 459 comunitas
1281 421 1481 471 participat
1502 421 1638 458 merito
1660 418 1752 459 sue¹

422 495 550 544 partis,
574 507 690 544 quare
711 506 802 543 ergo
824 506 904 531 non
931 493 1144 531 demerito?
1203 493 1265 530 Sic
1295 493 1397 530 enim
1428 493 1667 542 puniendum
1697 498 1754 529 est

421 577 544 614 genus
564 565 778 602 humanum
809 577 879 614 pro
912 569 1072 614 peccato
1102 565 1214 613 primi
1246 563 1415 602 hominis
1445 564 1554 602 cuius
1574 563 1754 601 meritum

422 649 492 674 suo
512 636 643 685 generi
667 635 900 685 profecisset.
958 636 1057 673 Item
1086 647 1315 685 quecunque
1342 647 1508 684 persona
1537 634 1755 684 peccaverit

421 713 478 745 est
499 707 842 756 proporcionaliter
862 707 1067 756 punienda,
1092 707 1158 744 sed
1178 707 1394 744 comunitas
1415 713 1472 743 est
1493 718 1568 743 una
1588 718 1753 755 persona
1767 722 1784 755 5

421 791 496 828 que
526 778 737 816 secundum
768 784 916 828 partem
947 778 1003 815 sui
1034 784 1180 827 peccat,
1202 789 1294 826 ergo
1324 783 1381 814 est
1410 777 1754 827 proporcionaliter

421 849 628 898 punienda.
688 849 795 896 Quid
835 849 948 899 igitur
986 849 1018 887 si
1056 848 1119 886 illa
1159 860 1325 898 persona
1373 848 1575 897 auffugerit
1622 860 1753 885 nonne

421 926 575 969 oportet
595 921 701 970 quod
721 921 935 959 comunitas
964 932 1167 958 remanens
1189 917 1208 938 *
1232 919 1436 957 satisfaciat
1461 932 1549 956 cum
1571 919 1813 969 deliquit?45
1833 926 1868 956 d.

421 991 540 1029 Aliter
571 993 675 1029 enim
707 991 800 1029 deus
832 992 969 1030 iniuste
1008 992 1180 1042 punisset
1219 990 1408 1040 populum
1448 990 1567 1027 Israel
1597 996 1754 1040 propter

421 1063 614 1100 maculam
644 1063 745 1112 regis
764 1063 903 1110 David,
925 1063 972 1101 de
1004 1075 1082 1112 quo
1107 1060 1140 1099 2i
1162 1061 1259 1111 Reg.
1284 1074 1345 1108 24.
1405 1061 1509 1099 Sicut
1538 1073 1631 1110 ergo
1661 1062 1754 1098 deus
1770 1065 1972 1098 zsam.xxiv.

420 1146 581 1184 regnare
602 1134 691 1172 facit
713 1135 956 1185 yppocritam
977 1141 1131 1184 propter
1152 1142 1309 1183 peccata
1329 1132 1473 1182 populi,
1495 1133 1548 1170 sic
1570 1132 1754 1182 permittit

420 1205 610 1255 populum
631 1206 767 1244 cadere
788 1212 945 1255 propter
966 1213 1169 1255 peccatum
1190 1205 1245 1242 sui
1266 1204 1463 1254 prepositi.
1524 1203 1629 1241 Sicut
1650 1204 1753 1241 enim

422 1283 702 1314 connectuntur
731 1289 779 1314 ex
800 1277 835 1314 vi
865 1277 1111 1315 comunionis
1141 1277 1180 1313 in
1200 1276 1409 1321 virtutibus,
1430 1276 1482 1312 sic
1512 1282 1547 1312 et
1579 1287 1753 1313 connexe

423 1354 511 1385 sunt
543 1354 677 1386 nature
710 1349 925 1398 peccabiles
955 1349 994 1385 in
1020 1348 1196 1397 peccatis,
1218 1348 1257 1384 in
1288 1353 1437 1384 tantum
1466 1347 1573 1396 quod
1594 1346 1751 1393 Cristus‚

424 1420 514 1469 quia
545 1419 613 1457 fuit
644 1432 765 1456 unum
796 1432 885 1457 cum
917 1419 1094 1457 fratribus
1127 1419 1214 1464 suis,
1237 1418 1476 1468 participavit
1502 1424 1539 1455 et
1565 1430 1667 1467 pena
1698 1419 1810 1462 sui15

426 1491 605 1528 criminis.
663 1491 762 1528 Item
794 1491 920 1529 omnis
952 1491 1036 1528 talis
1069 1490 1285 1528 comunitas
1324 1489 1533 1539 peccabilis
1565 1490 1755 1527 consentit
1768 1493 1812 1521 D.

425 1562 553 1611 aliquo
588 1563 765 1600 omnium
799 1574 984 1611 generum
1019 1568 1179 1611 peccato
1218 1573 1284 1598 sue
1323 1561 1451 1610 partis,
1489 1560 1558 1598 sed
1596 1567 1754 1610 propter

422 1646 559 1671 eorum
607 1645 844 1671 consensum
891 1634 930 1670 in
978 1633 1144 1682 culpam,
1189 1639 1247 1670 est
1294 1632 1451 1682 quilibet
1498 1632 1753 1669 consenciens

422 1705 654 1754 puniendus
710 1704 818 1753 Ergo
838 1710 1027 1754 peccante
1047 1716 1124 1741 una
1144 1716 1309 1753 persona
1331 1703 1576 1740 comunitatis
1596 1710 1653 1740 est
1673 1708 1754 1740 tota

421 1776 484 1813 illa
518 1776 734 1814 comunitas
773 1776 983 1825 punienda,
1023 1776 1163 1828 (maior
1202 1775 1430 1824 supponitur
1468 1787 1515 1812 ex
1554 1774 1752 1812 declaratis
1769 1787 1809 1808 20

422 1848 510 1885 alibi
541 1848 587 1884 de
618 1845 841 1898 consensu).
899 1847 1132 1897 Quicunque
1171 1847 1274 1883 enim
1314 1846 1360 1883 de
1400 1846 1635 1883 comunitate
1673 1858 1754 1883 non

421 1919 616 1956 consensit
645 1919 910 1957 conmittendo
939 1931 1010 1956 nec
1040 1918 1254 1955 omittendo
1284 1917 1463 1954 iuvamen
1493 1916 1599 1966 quod
1625 1916 1755 1954 debuit

422 1990 461 2026 in
485 1990 750 2040 supportando
775 1990 833 2027 vel
863 1989 1092 2039 corrigendo
1123 1988 1366 2038 simpliciter2
1386 1999 1456 2036 pro
1488 1988 1553 2025 illo
1583 1994 1754 2037 tempore

424 2074 503 2100 non
524 2062 705 2111 peccavit.
766 2061 841 2098 Sed
862 2061 946 2110 quis
966 2061 1074 2097 vians
1093 2060 1131 2096 in
1153 2059 1258 2096 terris
1278 2065 1514 2108 presumeret
1536 2059 1582 2095 de
1603 2071 1643 2096 se
1664 2058 1754 2095 illud

423 2134 618 2171 asserere?
693 2133 787 2170 Ideo
826 2139 1012 2182 peccante
1059 2143 1137 2168 una
1183 2142 1349 2180 persona
1396 2130 1555 2167 humani
1603 2130 1754 2179 generis
1771 2141 1807 2172 25

422 2204 653 2254 conpunitur
687 2216 803 2241 omne
838 2202 1182 2252 proporcionaliter
1214 2201 1262 2239 ad
1295 2213 1542 2247 consensum,
1572 2200 1677 2251 quod
1718 2206 1755 2238 et

423 2275 583 2313 docetur
604 2275 718 2312 Iosue
738 2275 816 2320 vii0‚
838 2275 903 2311 ubi
926 2274 1087 2323 Spiritus
1120 2279 1274 2311 sanctus
1299 2273 1390 2309 dicit
1410 2272 1516 2322 quod
1546 2272 1609 2309 filii
1637 2271 1753 2309 Israel
1765 2269 1857 2310 Josh.
1870 2269 1923 2300 vii.
1944 2279 1975 2301 1·-

423 2354 688 2396 peccaverunt,
710 2346 815 2395 quod
836 2345 1030 2395 specificat
1051 2345 1089 2381 in
1110 2344 1182 2382 hoc
1204 2343 1309 2394 quod
1326 2343 1488 2381 Achan³
1510 2343 1606 2380 filius
1623 2342 1754 2380 Carmi

424 2418 507 2454 tulit
528 2417 687 2455 latenter
708 2417 754 2454 de
776 2416 1029 2461 anathemate,
1050 2422 1091 2452 ut
1113 2421 1239 2452 narrat
1260 2414 1441 2464 hystoria,
1463 2421 1500 2451 et
1530 2422 1660 2451 tamen
1683 2426 1754 2451 nec

424 2488 491 2525 fuit
525 2489 756 2538 principium
792 2501 862 2525 nec
898 2488 1078 2537 princeps
1118 2486 1261 2535 populi.
1318 2485 1440 2522 Aliter
1479 2485 1582 2522 enim
1622 2485 1808 2530 fuisset30

425 2559 532 2596 Deus
553 2559 713 2597 iniustus
733 2558 931 2608 puniendo
951 2557 1207 2595 comunitates
1236 2557 1275 2593 in
1305 2555 1425 2600 bellis,
1447 2556 1487 2592 in
1518 2555 1752 2605 pestilenciis

425 2638 462 2668 et
501 2630 582 2667 aliis
621 2630 731 2679 penis
770 2629 1011 2674 comunibus,
1045 2634 1084 2665 ut
1115 2634 1241 2664 narrat
1273 2626 1512 2675 Augustinus
1547 2626 1673 2676 primo
1705 2626 1752 2663 de
1766 2632 1960 2682 Augustine,

427 2701 574 2738 civitate
603 2701 673 2738 ix0.
733 2699 834 2738 Sicut
855 2712 946 2748 ergo
968 2699 1129 2748 collegia
1150 2698 1196 2736 de
1217 2697 1329 2735 bonis
1359 2697 1500 2735 habent
1531 2696 1752 2742 comodum,
1766 2675 1932 2750 Βὲιῖιῖχ

428 2773 481 2810 sic
502 2772 548 2810 de
570 2772 679 2809 malis
699 2772 843 2809 habent
870 2770 1132 2808 incomodum.
1190 2769 1285 2807 Ideo
1315 2769 1517 2806 benedicte
1547 2768 1620 2806 sint
1649 2768 1754 2816 leges

472 2871 482 2889 ¹
508 2882 566 2903 suo
587 2871 703 2902 merito
712 2877 776 2913 pro
792 2871 909 2902 merito
926 2879 991 2908 sue,
1010 2878 1042 2900 Α.
1228 2866 1240 2884 ²
1263 2867 1402 2909 simplex
1418 2871 1482 2908 pro
1498 2866 1698 2908 simpliciter,
1717 2873 1752 2896 Α.

428 2922 439 2940 ³
463 2923 586 2959 Achor‚
603 2931 638 2962 A,
657 2930 688 2954 Β.
