2018 3401
676 328 742 361 DE
774 328 968 363 OFFICIO
1001 328 1157 362 REGIS.
1789 326 1865 371 251

261 444 425 483 capaces
454 432 539 471 talis
567 432 772 482 imperialis
801 433 1006 482 regiminis.
1062 432 1158 472 Ideo
1178 444 1259 472 non
1279 439 1335 471 est
1355 432 1591 471 conveniens

259 510 301 541 ut
321 504 480 542 aliarum
499 510 683 542 terrarum
704 514 835 542 earum
863 503 1069 550 subieccio,
1091 511 1128 542 et
1157 504 1370 554 specialiter
1399 504 1430 541 si
1459 510 1593 553 petunt

259 576 491 613 exacciones
539 574 680 624 rigidas
729 574 812 612 sine
859 574 936 613 hoc
979 574 1083 624 quod
1131 572 1405 612 dominativam
1453 574 1592 612 faciant
1606 579 1636 607 If
1645 579 1692 607 the
1705 580 1819 614 Empire

1624 623 1675 640 ave
1689 624 1721 640 us
1731 615 1776 640 the
1790 616 1872 641 bene-

260 655 565 694 recompensam.
621 643 698 682 Sed
716 644 865 682 videtur
893 644 1011 694 quod,
1033 645 1232 694 supposito
1263 645 1470 694 protectivo
1494 645 1592 693 regi·
1606 648 1678 707 tggnf
1685 649 1843 708 ffi‘igefiuiffe

229 724 247 756 5
261 713 377 760 mine,
398 714 538 752 debent
557 714 724 764 predicte
747 714 869 752 insule
897 715 1241 764 proporcionaliter
1270 715 1426 753 obedire
1437 712 1460 761 ¹,
1481 722 1518 753 et
1539 715 1591 753 sic
1603 715 1779 780 {ngggtgge
1793 724 1844 742 0⁰¹

260 784 435 822 membra
454 784 651 834 aggregati
679 785 918 835 imperatoris
945 786 1016 823 sibi
1035 786 1125 835 ipsis
1145 786 1301 824 obedire
1330 786 1535 835 reciproce,
1556 792 1592 824 et
1606 804 1661 831 FO„
1673 813 1708 830 a„
1721 804 1859 837 Emperor

260 861 395 893 contra
432 855 636 892 ecclesiam
673 855 975 905 malignancium
1017 863 1152 894 mutuo
1200 868 1240 894 se
1282 856 1419 894 iuvare.
1488 855 1592 893 Nam
1605 838 1790 898 ζίςῖἷξῗξῗιῖἓ

259 925 444 975 quamdiu
465 932 594 963 manet
614 926 772 965 civilitas
793 926 1012 964 sublunaris
1041 934 1078 964 et
1106 927 1229 965 clerus
1259 927 1314 965 sic
1343 927 1486 976 aspirat
1517 926 1566 964 ad
1579 925 1592 945 ²
1605 904 1700 966 ssifr‘iffty
1713 906 1744 931 of
1753 906 1834 932 Anu*

260 1002 454 1034 terrenum
487 995 702 1034 dominium
740 1009 900 1035 necesse
938 1004 996 1035 est
1034 996 1082 1035 de
1113 998 1272 1036 terrenis
1306 997 1474 1035 dominis
1511 1009 1595 1035 esse

210 1075 250 1098 10
263 1079 381 1104 unum
402 1067 672 1115 imperatorem
697 1073 921 1116 agregatum
942 1067 991 1105 ad
1011 1067 1284 1106 refrenandum
1313 1068 1597 1106 anticristinum

262 1137 395 1175 dolum
419 1137 630 1187 quemlibet
650 1149 740 1175 cum
760 1150 831 1176 suo
852 1137 952 1175 fideli
973 1138 1161 1177 adiutorio
1187 1151 1254 1188 per
1275 1151 1387 1177 suum
1410 1138 1596 1189 regimen.

263 1207 348 1246 Nec
369 1208 449 1245 sine
470 1207 735 1245 destruccione
755 1208 813 1246 vel
843 1208 978 1247 saltem
1006 1210 1250 1259 mitigacione
1280 1209 1393 1247 huius
1422 1209 1594 1246 simulate
1606 1215 1659 1241 We
1672 1224 1735 1242 now
1747 1224 1793 1242 see
1806 1215 1858 1242 ful-

263 1279 414 1316 malicie
431 1279 543 1316 stabit
559 1290 735 1328 regnum.
790 1278 905 1316 Unde
923 1286 1078 1329 apparet
1094 1280 1426 1318 considerantibus
1442 1291 1594 1318 cursum
1606 1249 1797 1315 {Ugghffcffil
1808 1259 1858 1310 ῗὴε

264 1350 447 1399 scripture
467 1355 504 1385 et
524 1355 664 1386 statum
684 1348 843 1387 ecclesie
864 1349 911 1387 de
932 1350 1094 1399 imperio
1114 1357 1151 1388 et
1172 1352 1300 1400 regnis
1331 1351 1464 1388 ceteris
1492 1316 1790 1400 (1110(15ἑῗ1ξῗῐὲῑξ-ὼε

212 1425 250 1457 15
264 1432 333 1469 per
366 1419 644 1456 inmixcionem
676 1418 871 1457 luciferine
891 1427 928 1457 et
949 1421 1184 1458 anticristine
1213 1420 1358 1458 heresis
1378 1428 1557 1470 usurpate
1578 1432 1601 1457 a

265 1489 528 1528 sacerdotibus
575 1490 739 1527 multum
786 1491 1065 1539 perturbantur,
1110 1491 1216 1540 quod
1254 1491 1400 1529 videtur
1446 1491 1601 1529 cuidam

47 1563 135 1595 Dan·
153 1561 186 1593 ii·
199 1571 251 1602 40·
266 1561 416 1600 doctori
444 1560 716 1610 prophetatum
744 1559 846 1598 Dan.
881 1568 933 1599 20.
991 1562 1080 1611 Ipse
1109 1562 1212 1599 enim
1241 1562 1296 1599 vir
1324 1561 1601 1600 desideriorum

49 1635 92 1664 51
108 1642 138 1664 c·
267 1633 287 1656 *
308 1631 551 1681 prophetavit
571 1632 790 1681 expressius
811 1631 858 1669 de
879 1638 979 1670 statu
998 1632 1170 1670 ecclesie.
1228 1631 1344 1670 Unde
1365 1632 1601 1682 prophetans

267 1701 314 1740 de
338 1700 529 1751 quatuor⁸
557 1702 791 1740 monarchiis
819 1702 858 1739 in
887 1709 1011 1740 statua
1030 1690 1396 1741 Nabuchodonosor
1416 1702 1600 1753 (ostenset

215 1785 255 1809 20
268 1772 411 1810 scilicet
443 1771 691 1818 Assiriorum‚
723 1772 943 1819 Medorum,
980 1772 1206 1820 Grecorum,
1240 1780 1278 1810 et
1313 1772 1599 1823 Romanorum)

268 1843 322 1880 sic
353 1843 519 1891 loquitur
540 1842 586 1880 de
607 1849 740 1880 nostro
772 1854 935 1881 romano
963 1843 1147 1892 imperio:
1178 1842 1235 1879 Et
1252 1855 1405 1891 regnum
1426 1847 1600 1892 quartum

267 1915 340 1951 erit
357 1914 456 1951 velut
466 1914 626 1963 serrum
641 1926 653 1950 .·
680 1914 850 1962 quomodo
864 1913 1022 1964 fi¹rrum
1045 1915 1258 1951 comminuit
1278 1915 1401 1951 omnia
1421 1918 1454 1950 et
1479 1915 1604 1951 domat

267 1984 320 2021 sic
335 1985 539 2021 conminuet
555 1988 588 2020 et
603 1984 799 2020 convertet*
816 1985 937 2021 onmia
956 1984 1029 2022 hec.
1077 1984 1204 2022 Porro
1218 1986 1305 2033 quia
1326 1985 1459 2021 vidisti
1464 1985 1599 2033 pedum

268 2058 303 2090 et
330 2054 542 2102 digestorum
566 2058 708 2091 testeam
728 2058 876 2103 partem
896 2055 1021 2104 figuli
1035 2059 1068 2092 et
1077 2060 1224 2104 partem
1236 2056 1425 2105 ferream,
1446 2067 1600 2103 regnum

217 2134 255 2167 25
270 2124 432 2161 divz'sum
453 2125 534 2169 erit,
555 2125 654 2172 quod
669 2129 787 2161 tamen
808 2125 849 2161 de
872 2126 1065 2173 plantario
1078 2126 1195 2174 ferri
1210 2127 1349 2162 orietur
1363 2125 1386 2170 ⁵,
1408 2125 1602 2161 secundum

269 2194 368 2243 quod
391 2194 525 2230 vidisti
533 2195 691 2244 firrum
712 2195 874 2232 mixtum
901 2208 952 2232 ex
972 2195 1046 2231 luto
1065 2200 1097 2232 ct
1113 2196 1219 2232 teste⁶
1239 2199 1273 2231 et
1298 2196 1447 2243 digittos
1467 2195 1602 2243 pedum

53 2255 101 2284 H·
269 2277 320 2302 ex
352 2268 461 2313 parte
481 2265 634 2314 firreos
667 2268 701 2301 et
729 2277 779 2302 ex
808 2269 920 2313 parte
946 2265 1095 2314 fictiles,
1127 2279 1177 2303 ex
1206 2270 1320 2314 parte
1353 2278 1504 2313 regnum
1534 2266 1606 2301 erit

269 2335 437 2381 solidum,
469 2339 503 2371 et
533 2347 584 2372 ex
609 2339 722 2383 parte
751 2337 958 2372 contritum.
1019 2335 1127 2381 Quod
1152 2340 1269 2372 autem
1300 2336 1431 2372 vidisti
1442 2335 1599 2384 firrum

271 2407 432 2443 mixtum
454 2410 535 2442 teste
554 2418 603 2442 ex
631 2405 715 2451 luto,
738 2405 1051 2442 conmzscebuntur
1078 2406 1220 2454 quidem
1249 2406 1409 2443 humano
1436 2407 1568 2442 semine
1581 2419 1599 2448 ‚-

219 2493 260 2526 3ο
271 2477 336 2514 sed
361 2489 433 2513 non
464 2475 689 2513 adherebunt
706 2476 786 2521 sibi,
807 2477 905 2512 sicut
916 2476 1076 2525 serrum
1107 2477 1258 2513 misceri
1283 2489 1354 2513 non
1375 2481 1494 2525 potest
1518 2489 1599 2513 cum

272 2551 372 2584 testa.
429 2545 479 2583 In
499 2546 624 2583 diebus
644 2550 761 2582 autem
782 2558 978 2594 regnorum
1000 2547 1149 2585 illorum
1158 2546 1183 2592 ⁷,
1205 2546 1397 2584 suscitabit
1413 2546 1516 2583 Deus
1536 2547 1605 2583 ccli

274 2629 429 2665 regnum
449 2617 548 2665 quod
570 2618 609 2652 in
629 2620 788 2653 eternum
810 2628 879 2653 non
900 2616 1152 2665 dissipabitur,
1172 2621 1206 2653 et
1222 2629 1376 2665 regnum
1397 2617 1473 2653 eius
1492 2617 1607 2652 alteri

267 2688 404 2736 populo
437 2699 508 2724 non
540 2688 710 2724 tradetur
721 2701 740 2731 ,·
782 2688 987 2724 conminuet
1011 2692 1044 2724 ct
1071 2692 1253 2724 consumet
1281 2689 1456 2725 universa
1485 2699 1601 2736 regna

319 2810 327 2830 ¹
351 2811 472 2843 Verba:
499 2815 530 2842 et
547 2811 593 2843 sic
611 2835 617 2841 .
637 2836 643 2842 .
663 2836 669 2842 .
688 2811 768 2853 ipsis
785 2811 930 2849 obedire,
948 2821 1007 2842 om.
1027 2819 1059 2842 Α.
1149 2810 1162 2828 ²
1178 2816 1223 2849 at,
1241 2819 1275 2850 Α,
1291 2819 1328 2846 n:
1354 2811 1406 2849 ad,
1418 2820 1500 2841 corr.
1515 2810 1601 2842 Edd.

274 2862 286 2879 ³
302 2868 463 2904 quattuor,
481 2872 541 2894 om.
560 2871 593 2894 A.
662 2862 672 2880 ⁴
689 2868 866 2902 convertet,
884 2871 918 2901 A,
938 2871 974 2897 B;
999 2863 1041 2893 al.
1061 2873 1148 2893 man.
1168 2867 1258 2901 teret,
1276 2870 1305 2894 Β.
1374 2863 1385 2879 ·’·
1404 2862 1551 2901 orientur,
1568 2870 1601 2893 Α.

275 2913 286 2929 ⁸
309 2919 401 2950 testa,
420 2921 450 2945 Β,
550 2912 562 2929 ⁷
585 2914 729 2951 istorum,
748 2923 777 2946 B.
