<?xml version="1.0" encoding="UTF-8"?>
<!DOCTYPE html PUBLIC "-//W3C//DTD XHTML 1.0 Transitional//EN"
    "http://www.w3.org/TR/xhtml1/DTD/xhtml1-transitional.dtd">
<html xmlns="http://www.w3.org/1999/xhtml" xml:lang="en" lang="en">
 <head>
  <title>
</title>
<meta http-equiv="Content-Type" content="text/html;charset=utf-8" />
  <meta name='ocr-system' content='tesseract 3.04.00' />
  <meta name='ocr-capabilities' content='ocr_page ocr_carea ocr_par ocr_line ocrx_word'/>
</head>
<body>
  <div class='ocr_page' id='page_1' title='image "./iohanniswycliftr08wycl/iohanniswycliftr08wycl_0260.png"; bbox 0 0 2018 3401; ppageno 0'>
   <div class='ocr_carea' id='block_1_1' title="bbox 153 323 1331 366">
    <p class='ocr_par' dir='ltr' id='par_1_1' title="bbox 153 323 1331 366">
     <span class='ocr_line' id='line_1_1' title="bbox 153 323 1331 366; baseline -0.003 -10"><span class='ocrx_word' id='word_1_1' title='bbox 153 326 238 366; x_wconf 83' lang='lat'>224</span> <span class='ocrx_word' id='word_1_2' title='bbox 849 325 913 356; x_wconf 85' lang='lat' dir='ltr'>DE</span> <span class='ocrx_word' id='word_1_3' title='bbox 945 323 1141 357; x_wconf 72' lang='lat' dir='ltr'>oFF101o</span> <span class='ocrx_word' id='word_1_4' title='bbox 1174 323 1331 356; x_wconf 83' lang='lat' dir='ltr'>REGIS.</span> 
     </span>
    </p>
   </div>
   <div class='ocr_carea' id='block_1_2' title="bbox 152 427 1971 480">
    <p class='ocr_par' dir='ltr' id='par_1_2' title="bbox 152 427 1971 480">
     <span class='ocr_line' id='line_1_2' title="bbox 152 427 1971 480; baseline -0.003 -10"><span class='ocrx_word' id='word_1_5' title='bbox 152 437 328 476; x_wconf 65' lang='lat' dir='ltr'>Anybishop</span> <span class='ocrx_word' id='word_1_6' title='bbox 428 430 658 469; x_wconf 83' lang='lat' dir='ltr'>inducentes</span> <span class='ocrx_word' id='word_1_7' title='bbox 687 431 783 469; x_wconf 88' lang='lat' dir='ltr'>alios</span> <span class='ocrx_word' id='word_1_8' title='bbox 809 431 849 468; x_wconf 89' lang='lat' dir='ltr'>in</span> <span class='ocrx_word' id='word_1_9' title='bbox 876 443 1055 476; x_wconf 89' lang='lat' dir='ltr'>errorem,</span> <span class='ocrx_word' id='word_1_10' title='bbox 1083 431 1173 480; x_wconf 90' lang='lat' dir='ltr'>quia</span> <span class='ocrx_word' id='word_1_11' title='bbox 1203 429 1340 468; x_wconf 88' lang='lat' dir='ltr'>Matth.</span> <span class='ocrx_word' id='word_1_12' title='bbox 1370 442 1417 476; x_wconf 88' lang='lat'>24</span> <span class='ocrx_word' id='word_1_13' title='bbox 1444 429 1602 467; x_wconf 88' lang='lat' dir='ltr'>dicitur:</span> <span class='ocrx_word' id='word_1_14' title='bbox 1642 427 1873 467; x_wconf 75' lang='lat' dir='ltr'>lllultt&#39;Matt.</span> <span class='ocrx_word' id='word_1_15' title='bbox 1886 435 1971 467; x_wconf 83' lang='lat' dir='ltr'>xxiv.</span> 
     </span>
    </p>
   </div>
   <div class='ocr_carea' id='block_1_3' title="bbox 151 472 365 505">
    <p class='ocr_par' dir='ltr' id='par_1_3' title="bbox 151 472 365 505">
     <span class='ocr_line' id='line_1_3' title="bbox 151 472 365 505; baseline 0.005 -8"><span class='ocrx_word' id='word_1_16' title='bbox 151 472 283 505; x_wconf 83' lang='lat' dir='ltr'>clairmng</span> <span class='ocrx_word' id='word_1_17' title='bbox 296 472 365 498; x_wconf 88' lang='lat' dir='ltr'>such</span> 
     </span>
    </p>
   </div>
   <div class='ocr_carea' id='block_1_4' title="bbox 151 488 1807 565">
    <p class='ocr_par' dir='ltr' id='par_1_4' title="bbox 151 488 1807 565">
     <span class='ocr_line' id='line_1_4' title="bbox 151 488 1807 565; baseline -0.003 -23"><span class='ocrx_word' id='word_1_18' title='bbox 151 505 351 565; x_wconf 48' lang='grc' dir='ltr'>ἶξὲιὶὲίἷὲῐὶίἰὶζ</span> <span class='ocrx_word' id='word_1_19' title='bbox 430 504 574 541; x_wconf 76' lang='lat' dir='ltr'>venient</span> <span class='ocrx_word' id='word_1_20' title='bbox 602 504 642 540; x_wconf 83' lang='lat' dir='ltr'>in</span> <span class='ocrx_word' id='word_1_21' title='bbox 671 504 814 540; x_wconf 71' lang='lat' dir='ltr'>nomine</span> <span class='ocrx_word' id='word_1_22' title='bbox 845 516 929 548; x_wconf 85' lang='lat' dir='ltr'>meo,</span> <span class='ocrx_word' id='word_1_23' title='bbox 964 503 1129 550; x_wconf 72' lang='lat' dir='ltr'>dicentes,</span> <span class='ocrx_word' id='word_1_24' title='bbox 1162 504 1250 551; x_wconf 78' lang='lat' dir='ltr'>quia</span> <span class='ocrx_word' id='word_1_25' title='bbox 1274 501 1361 551; x_wconf 77' lang='lat' dir='ltr'>Ego</span> <span class='ocrx_word' id='word_1_26' title='bbox 1394 514 1474 539; x_wconf 83' lang='lat' dir='ltr'>sum</span> <span class='ocrx_word' id='word_1_27' title='bbox 1512 500 1691 545; x_wconf 80' lang='lat' dir='ltr'>Crz&#39;slns;</span> <span class='ocrx_word' id='word_1_28' title='bbox 1731 503 1765 536; x_wconf 82' lang='lat' dir='ltr'>et</span> <span class='ocrx_word' id='word_1_29' title='bbox 1777 488 1807 519; x_wconf 82' lang='lat'>5‘</span> 
     </span>
    </p>
   </div>
   <div class='ocr_carea' id='block_1_5' title="bbox 150 571 1761 634">
    <p class='ocr_par' dir='ltr' id='par_1_5' title="bbox 150 571 1761 634">
     <span class='ocr_line' id='line_1_5' title="bbox 150 571 1761 634; baseline -0.003 -21"><span class='ocrx_word' id='word_1_30' title='bbox 150 572 418 634; x_wconf 50' lang='lat' dir='ltr'>ssngsscgffiitgffaims</span> <span class='ocrx_word' id='word_1_31' title='bbox 433 576 563 612; x_wconf 85' lang='lat' dir='ltr'><em>mullos</em></span> <span class='ocrx_word' id='word_1_32' title='bbox 578 575 752 612; x_wconf 80' lang='lat' dir='ltr'><em>seducent.</em></span> <span class='ocrx_word' id='word_1_33' title='bbox 801 573 905 611; x_wconf 91' lang='lat' dir='ltr'>Nam</span> <span class='ocrx_word' id='word_1_34' title='bbox 926 574 1160 623; x_wconf 86' lang='lat' dir='ltr'>quicumque</span> <span class='ocrx_word' id='word_1_35' title='bbox 1181 574 1386 623; x_wconf 89' lang='lat' dir='ltr'>episcopus</span> <span class='ocrx_word' id='word_1_36' title='bbox 1407 574 1460 611; x_wconf 87' lang='lat' dir='ltr'>sic</span> <span class='ocrx_word' id='word_1_37' title='bbox 1481 571 1761 611; x_wconf 87' lang='lat' dir='ltr'>blasfemaverit</span> 
     </span>
    </p>
   </div>
   <div class='ocr_carea' id='block_1_6' title="bbox 152 643 1970 1196">
    <p class='ocr_par' dir='ltr' id='par_1_6' title="bbox 427 643 1970 1124">
     <span class='ocr_line' id='line_1_6' title="bbox 432 643 1760 695; baseline -0.003 -12"><span class='ocrx_word' id='word_1_38' title='bbox 432 647 671 684; x_wconf 82' lang='lat' dir='ltr'>mendaciter</span> <span class='ocrx_word' id='word_1_39' title='bbox 693 646 738 683; x_wconf 91' lang='lat' dir='ltr'>de</span> <span class='ocrx_word' id='word_1_40' title='bbox 760 658 828 683; x_wconf 89' lang='lat' dir='ltr'>sua</span> <span class='ocrx_word' id='word_1_41' title='bbox 847 646 1029 695; x_wconf 91' lang='lat' dir='ltr'>potencia</span> <span class='ocrx_word' id='word_1_42' title='bbox 1060 645 1150 683; x_wconf 90' lang='lat' dir='ltr'>dicit</span> <span class='ocrx_word' id='word_1_43' title='bbox 1181 645 1362 695; x_wconf 85' lang='lat' dir='ltr'>implicite</span> <span class='ocrx_word' id='word_1_44' title='bbox 1393 644 1498 694; x_wconf 91' lang='lat' dir='ltr'>quod</span> <span class='ocrx_word' id='word_1_45' title='bbox 1526 651 1582 682; x_wconf 90' lang='lat' dir='ltr'>est</span> <span class='ocrx_word' id='word_1_46' title='bbox 1603 643 1760 682; x_wconf 88' lang='lat' dir='ltr'>Cristus.</span> 
     </span>
     <span class='ocr_line' id='line_1_7' title="bbox 433 715 1794 766; baseline -0.001 -12"><span class='ocrx_word' id='word_1_47' title='bbox 433 716 551 754; x_wconf 88' lang='lat' dir='ltr'>Tales</span> <span class='ocrx_word' id='word_1_48' title='bbox 589 724 719 754; x_wconf 87' lang='lat' dir='ltr'>autem</span> <span class='ocrx_word' id='word_1_49' title='bbox 757 717 948 766; x_wconf 88' lang='lat' dir='ltr'>litargicos</span> <span class='ocrx_word' id='word_1_50' title='bbox 987 722 1137 766; x_wconf 78' lang='lat' dir='ltr'>oportet</span> <span class='ocrx_word' id='word_1_51' title='bbox 1183 716 1302 765; x_wconf 83' lang='lat' dir='ltr'>rigide</span> <span class='ocrx_word' id='word_1_52' title='bbox 1341 729 1363 753; x_wconf 88' lang='lat' dir='ltr'>a</span> <span class='ocrx_word' id='word_1_53' title='bbox 1402 727 1569 765; x_wconf 85' lang='lat' dir='ltr'>sompno</span> <span class='ocrx_word' id='word_1_54' title='bbox 1616 715 1760 752; x_wconf 82' lang='lat' dir='ltr'>letifero</span> <span class='ocrx_word' id='word_1_55' title='bbox 1777 733 1794 764; x_wconf 91' lang='lat'>5</span> 
     </span>
     <span class='ocr_line' id='line_1_8' title="bbox 431 784 1874 838; baseline -0.003 -13"><span class='ocrx_word' id='word_1_56' title='bbox 431 789 607 835; x_wconf 83' lang='lat' dir='ltr'>excitare,</span> <span class='ocrx_word' id='word_1_57' title='bbox 638 789 728 838; x_wconf 87' lang='lat' dir='ltr'>quia</span> <span class='ocrx_word' id='word_1_58' title='bbox 757 788 937 827; x_wconf 91' lang='lat' dir='ltr'>Proverb.</span> <span class='ocrx_word' id='word_1_59' title='bbox 974 790 1022 825; x_wconf 85' lang='lat'>28</span> <span class='ocrx_word' id='word_1_60' title='bbox 1055 787 1250 826; x_wconf 85' lang='lat' dir='ltr'>scribitur:</span> <span class='ocrx_word' id='word_1_61' title='bbox 1295 786 1374 833; x_wconf 81' lang='lat' dir='ltr'>Qui</span> <span class='ocrx_word' id='word_1_62' title='bbox 1401 788 1558 836; x_wconf 62' lang='lat' dir='ltr'>corrzpz&#39;t</span> <span class='ocrx_word' id='word_1_63' title='bbox 1583 784 1874 833; x_wconf 50' lang='lat' dir='ltr'>homineml&#39;royst</span> 
     </span>
     <span class='ocr_line' id='line_1_9' title="bbox 427 835 1956 909; baseline -0.002 -13"><span class='ocrx_word' id='word_1_64' title='bbox 427 861 604 909; x_wconf 73' lang='lat' dir='ltr'>graciam</span> <span class='ocrx_word' id='word_1_65' title='bbox 629 863 755 909; x_wconf 70' lang='lat' dir='ltr'>postea</span> <span class='ocrx_word' id='word_1_66' title='bbox 776 860 934 897; x_wconf 71' lang='lat' dir='ltr'>inveniet</span> <span class='ocrx_word' id='word_1_67' title='bbox 957 863 1049 908; x_wconf 78' lang='lat' dir='ltr'>aput</span> <span class='ocrx_word' id='word_1_68' title='bbox 1071 872 1162 907; x_wconf 80' lang='lat' dir='ltr'>eum,</span> <span class='ocrx_word' id='word_1_69' title='bbox 1196 861 1319 908; x_wconf 69' lang='lat' dir='ltr'>magis</span> <span class='ocrx_word' id='word_1_70' title='bbox 1350 872 1459 907; x_wconf 80' lang='lat' dir='ltr'>qnam</span> <span class='ocrx_word' id='word_1_71' title='bbox 1488 860 1549 895; x_wconf 68' lang='lat' dir='ltr'><em>ille</em></span> <span class='ocrx_word' id='word_1_72' title='bbox 1568 857 1586 877; x_wconf 90' lang='lat'><em>*</em></span> <span class='ocrx_word' id='word_1_73' title='bbox 1607 860 1676 907; x_wconf 79' lang='lat' dir='ltr'>qui</span> <span class='ocrx_word' id='word_1_74' title='bbox 1692 838 1886 906; x_wconf 39' lang='lat' dir='ltr'>perag?</span> <span class='ocrx_word' id='word_1_75' title='bbox 1907 835 1956 866; x_wconf 63' lang='lat'>23&#39;</span> 
     </span>
     <span class='ocr_line' id='line_1_10' title="bbox 431 929 1764 980; baseline -0.002 -12"><span class='ocrx_word' id='word_1_76' title='bbox 431 933 567 980; x_wconf 72' lang='lat' dir='ltr'>lz&#39;ngwe</span> <span class='ocrx_word' id='word_1_77' title='bbox 587 932 832 968; x_wconf 72' lang='lat' dir='ltr'>blandimenta</span> <span class='ocrx_word' id='word_1_78' title='bbox 857 932 998 980; x_wconf 75' lang='lat' dir='ltr'>decipit.</span> <span class='ocrx_word' id='word_1_79' title='bbox 1058 930 1176 977; x_wconf 85' lang='lat' dir='ltr'>Quod</span> <span class='ocrx_word' id='word_1_80' title='bbox 1197 931 1227 969; x_wconf 92' lang='lat' dir='ltr'>si</span> <span class='ocrx_word' id='word_1_81' title='bbox 1248 930 1440 968; x_wconf 91' lang='lat' dir='ltr'>luciferine</span> <span class='ocrx_word' id='word_1_82' title='bbox 1461 936 1498 967; x_wconf 89' lang='lat' dir='ltr'>et</span> <span class='ocrx_word' id='word_1_83' title='bbox 1518 929 1764 978; x_wconf 83' lang='lat' dir='ltr'>indignanter</span> 
     </span>
     <span class='ocr_line' id='line_1_11' title="bbox 431 999 1970 1052; baseline -0.003 -12"><span class='ocrx_word' id='word_1_84' title='bbox 431 1003 727 1052; x_wconf 87' lang='lat' dir='ltr'>correpcionem</span> <span class='ocrx_word' id='word_1_85' title='bbox 757 1003 971 1052; x_wconf 85' lang='lat' dir='ltr'>respuerint</span> <span class='ocrx_word' id='word_1_86' title='bbox 991 1008 1195 1051; x_wconf 85' lang='lat' dir='ltr'>expectent</span> <span class='ocrx_word' id='word_1_87' title='bbox 1215 1002 1451 1039; x_wconf 83' lang='lat' dir='ltr'>sentenciam</span> <span class='ocrx_word' id='word_1_88' title='bbox 1479 1001 1550 1047; x_wconf 81' lang='lat' dir='ltr'>dei,</span> <span class='ocrx_word' id='word_1_89' title='bbox 1580 1000 1761 1038; x_wconf 88' lang='lat' dir='ltr'>Proverb.</span> <span class='ocrx_word' id='word_1_90' title='bbox 1777 1000 1870 1030; x_wconf 89' lang='lat' dir='ltr'>Prov.</span> <span class='ocrx_word' id='word_1_91' title='bbox 1885 999 1970 1030; x_wconf 79' lang='lat' dir='ltr'>xxix.</span> 
     </span>
     <span class='ocr_line' id='line_1_12' title="bbox 434 1052 1807 1124; baseline -0.004 -12"><span class='ocrx_word' id='word_1_92' title='bbox 434 1088 482 1123; x_wconf 93' lang='lat'>29</span> <span class='ocrx_word' id='word_1_93' title='bbox 502 1089 510 1112; x_wconf 74' lang='grc' dir='ltr'>ι</span> <span class='ocrx_word' id='word_1_94' title='bbox 542 1075 630 1112; x_wconf 78' lang='lat' dir='ltr'><em>Viro</em></span> <span class='ocrx_word' id='word_1_95' title='bbox 646 1076 715 1124; x_wconf 81' lang='lat' dir='ltr'>qui</span> <span class='ocrx_word' id='word_1_96' title='bbox 729 1076 982 1124; x_wconf 67' lang='lat' dir='ltr'>corripientem</span> <span class='ocrx_word' id='word_1_97' title='bbox 999 1075 1096 1110; x_wconf 78' lang='lat' dir='ltr'>dura</span> <span class='ocrx_word' id='word_1_98' title='bbox 1113 1075 1248 1111; x_wconf 72' lang='lat' dir='ltr'>cervice</span> <span class='ocrx_word' id='word_1_99' title='bbox 1266 1074 1490 1122; x_wconf 68' lang='lat' dir='ltr'>contempnit,</span> <span class='ocrx_word' id='word_1_100' title='bbox 1508 1073 1715 1121; x_wconf 73' lang='lat' dir='ltr'>repentinus</span> <span class='ocrx_word' id='word_1_101' title='bbox 1734 1072 1769 1107; x_wconf 79' lang='lat' dir='ltr'>ei</span> <span class='ocrx_word' id='word_1_102' title='bbox 1781 1052 1807 1073; x_wconf 65' lang='lat'>1&#39;</span> 
     </span>
    </p>

    <p class='ocr_par' dir='ltr' id='par_1_7' title="bbox 152 1143 1828 1196">
     <span class='ocr_line' id='line_1_13' title="bbox 152 1143 1828 1196; baseline -0.002 -12"><span class='ocrx_word' id='word_1_103' title='bbox 152 1155 294 1184; x_wconf 77' lang='lat' dir='ltr'>Christian</span> <span class='ocrx_word' id='word_1_104' title='bbox 305 1155 424 1188; x_wconf 82' lang='lat' dir='ltr'>Bishops</span> <span class='ocrx_word' id='word_1_105' title='bbox 436 1149 662 1196; x_wconf 74' lang='lat' dir='ltr'>superveniet</span> <span class='ocrx_word' id='word_1_106' title='bbox 676 1148 855 1184; x_wconf 77' lang='lat' dir='ltr'>z&#39;nlerz&#39;tns.</span> <span class='ocrx_word' id='word_1_107' title='bbox 912 1145 970 1183; x_wconf 82' lang='lat' dir='ltr'>Et</span> <span class='ocrx_word' id='word_1_108' title='bbox 986 1158 1064 1183; x_wconf 80' lang='lat' dir='ltr'>eum</span> <span class='ocrx_word' id='word_1_109' title='bbox 1084 1147 1228 1182; x_wconf 75' lang='lat' dir='ltr'>sanitas</span> <span class='ocrx_word' id='word_1_110' title='bbox 1242 1158 1313 1181; x_wconf 81' lang='lat' dir='ltr'>non</span> <span class='ocrx_word' id='word_1_111' title='bbox 1328 1146 1501 1194; x_wconf 72' lang='lat' dir='ltr'>sequitur.</span> <span class='ocrx_word' id='word_1_112' title='bbox 1550 1143 1765 1181; x_wconf 84' lang='lat' dir='ltr'>Consilium</span> <span class='ocrx_word' id='word_1_113' title='bbox 1780 1151 1828 1181; x_wconf 87' lang='lat' dir='ltr'>H.</span> 
     </span>
    </p>
   </div>
   <div class='ocr_carea' id='block_1_7' title="bbox 153 1190 347 1216">
    <p class='ocr_par' dir='ltr' id='par_1_8' title="bbox 153 1190 347 1216">
     <span class='ocr_line' id='line_1_14' title="bbox 153 1190 347 1216; baseline -0.005 0"><span class='ocrx_word' id='word_1_114' title='bbox 153 1197 227 1216; x_wconf 85' lang='lat' dir='ltr'>must</span> <span class='ocrx_word' id='word_1_115' title='bbox 238 1190 347 1216; x_wconf 85' lang='lat' dir='ltr'>imitate</span> 
     </span>
    </p>
   </div>
   <div class='ocr_carea' id='block_1_8' title="bbox 152 1214 1765 1284">
    <p class='ocr_par' dir='ltr' id='par_1_9' title="bbox 152 1214 1765 1284">
     <span class='ocr_line' id='line_1_15' title="bbox 152 1214 1765 1284; baseline -0.004 -26"><span class='ocrx_word' id='word_1_116' title='bbox 152 1224 405 1284; x_wconf 43' lang='lat' dir='ltr'>§Cquissgggffitclsssand</span> <span class='ocrx_word' id='word_1_117' title='bbox 436 1219 563 1269; x_wconf 90' lang='lat' dir='ltr'>itaque</span> <span class='ocrx_word' id='word_1_118' title='bbox 596 1219 677 1256; x_wconf 87' lang='lat' dir='ltr'>sine</span> <span class='ocrx_word' id='word_1_119' title='bbox 717 1231 795 1268; x_wconf 88' lang='lat' dir='ltr'>quo</span> <span class='ocrx_word' id='word_1_120' title='bbox 834 1230 915 1255; x_wconf 90' lang='lat' dir='ltr'>non</span> <span class='ocrx_word' id='word_1_121' title='bbox 947 1217 994 1255; x_wconf 90' lang='lat' dir='ltr'>sit</span> <span class='ocrx_word' id='word_1_122' title='bbox 1024 1216 1125 1255; x_wconf 88' lang='lat' dir='ltr'>salus</span> <span class='ocrx_word' id='word_1_123' title='bbox 1145 1217 1325 1255; x_wconf 83' lang='lat' dir='ltr'>cristiano</span> <span class='ocrx_word' id='word_1_124' title='bbox 1356 1217 1539 1266; x_wconf 86' lang='lat' dir='ltr'>episcopo</span> <span class='ocrx_word' id='word_1_125' title='bbox 1560 1215 1655 1253; x_wconf 89' lang='lat' dir='ltr'>soret</span> <span class='ocrx_word' id='word_1_126' title='bbox 1675 1214 1765 1251; x_wconf 91' lang='lat' dir='ltr'>illud</span> 
     </span>
    </p>
   </div>
   <div class='ocr_carea' id='block_1_9' title="bbox 153 1286 1956 1696">
    <p class='ocr_par' dir='ltr' id='par_1_10' title="bbox 153 1286 1956 1338">
     <span class='ocr_line' id='line_1_16' title="bbox 153 1286 1956 1338; baseline -0.002 -9"><span class='ocrx_word' id='word_1_127' title='bbox 153 1291 293 1324; x_wconf 63' lang='lat' dir='ltr'>humility·</span> <span class='ocrx_word' id='word_1_128' title='bbox 437 1290 584 1328; x_wconf 88' lang='lat' dir='ltr'>Cantic.</span> <span class='ocrx_word' id='word_1_129' title='bbox 606 1290 673 1327; x_wconf 79' lang='lat' dir='ltr'>iio:</span> <span class='ocrx_word' id='word_1_130' title='bbox 704 1289 852 1327; x_wconf 75' lang='lat' dir='ltr'>Similis</span> <span class='ocrx_word' id='word_1_131' title='bbox 872 1293 942 1326; x_wconf 76' lang='lat' dir='ltr'><em>esto</em></span> <span class='ocrx_word' id='word_1_132' title='bbox 962 1295 1088 1337; x_wconf 77' lang='lat' dir='ltr'>capree</span> <span class='ocrx_word' id='word_1_133' title='bbox 1107 1288 1310 1338; x_wconf 77' lang='lat' dir='ltr'>hynnloque</span> <span class='ocrx_word' id='word_1_134' title='bbox 1325 1299 1526 1325; x_wconf 80' lang='lat' dir='ltr'>cervorum.</span> <span class='ocrx_word' id='word_1_135' title='bbox 1585 1286 1675 1324; x_wconf 92' lang='lat' dir='ltr'>Hoc</span> <span class='ocrx_word' id='word_1_136' title='bbox 1696 1293 1763 1332; x_wconf 85' lang='lat' dir='ltr'>est,</span> <span class='ocrx_word' id='word_1_137' title='bbox 1778 1294 1845 1326; x_wconf 89' lang='lat' dir='ltr'>Sol.</span> <span class='ocrx_word' id='word_1_138' title='bbox 1864 1294 1956 1335; x_wconf 87' lang='lat' dir='ltr'>Song</span> 
     </span>
    </p>

    <p class='ocr_par' dir='ltr' id='par_1_11' title="bbox 432 1348 1861 1625">
     <span class='ocr_line' id='line_1_17' title="bbox 433 1348 1861 1412; baseline -0.004 -12"><span class='ocrx_word' id='word_1_139' title='bbox 433 1369 584 1412; x_wconf 85' lang='lat' dir='ltr'>oportet</span> <span class='ocrx_word' id='word_1_140' title='bbox 605 1362 830 1411; x_wconf 82' lang='lat' dir='ltr'>episcopum</span> <span class='ocrx_word' id='word_1_141' title='bbox 860 1367 897 1398; x_wconf 94' lang='lat' dir='ltr'>et</span> <span class='ocrx_word' id='word_1_142' title='bbox 927 1360 1108 1410; x_wconf 90' lang='lat' dir='ltr'>precipue</span> <span class='ocrx_word' id='word_1_143' title='bbox 1129 1359 1231 1396; x_wconf 87' lang='lat' dir='ltr'>Petri</span> <span class='ocrx_word' id='word_1_144' title='bbox 1252 1359 1434 1396; x_wconf 88' lang='lat' dir='ltr'>vicarium</span> <span class='ocrx_word' id='word_1_145' title='bbox 1465 1359 1571 1408; x_wconf 91' lang='lat' dir='ltr'>sequi</span> <span class='ocrx_word' id='word_1_146' title='bbox 1593 1357 1763 1396; x_wconf 88' lang='lat' dir='ltr'>Cristum</span> <span class='ocrx_word' id='word_1_147' title='bbox 1778 1348 1801 1369; x_wconf 80' lang='lat'>¹¹</span> <span class='ocrx_word' id='word_1_148' title='bbox 1830 1349 1861 1380; x_wconf 80' lang='lat'>9·</span> 
     </span>
     <span class='ocr_line' id='line_1_18' title="bbox 432 1429 1819 1482; baseline -0.001 -11"><span class='ocrx_word' id='word_1_149' title='bbox 432 1446 471 1471; x_wconf 91' lang='lat' dir='ltr'>1n</span> <span class='ocrx_word' id='word_1_150' title='bbox 491 1433 674 1479; x_wconf 89' lang='lat' dir='ltr'>moribus,</span> <span class='ocrx_word' id='word_1_151' title='bbox 694 1433 758 1482; x_wconf 89' lang='lat' dir='ltr'>qui</span> <span class='ocrx_word' id='word_1_152' title='bbox 778 1432 934 1470; x_wconf 86' lang='lat' dir='ltr'>racione</span> <span class='ocrx_word' id='word_1_153' title='bbox 954 1431 1127 1468; x_wconf 87' lang='lat' dir='ltr'>sacrificii</span> <span class='ocrx_word' id='word_1_154' title='bbox 1144 1431 1212 1468; x_wconf 90' lang='lat' dir='ltr'>fuit</span> <span class='ocrx_word' id='word_1_155' title='bbox 1231 1430 1496 1479; x_wconf 84' lang='lat' dir='ltr'>paratissimus</span> <span class='ocrx_word' id='word_1_156' title='bbox 1514 1429 1675 1478; x_wconf 87' lang='lat' dir='ltr'>ymolari</span> <span class='ocrx_word' id='word_1_157' title='bbox 1691 1441 1763 1479; x_wconf 92' lang='lat' dir='ltr'>pro</span> <span class='ocrx_word' id='word_1_158' title='bbox 1781 1447 1819 1477; x_wconf 81' lang='lat'>15</span> 
     </span>
     <span class='ocr_line' id='line_1_19' title="bbox 432 1499 1762 1554; baseline -0.005 -12"><span class='ocrx_word' id='word_1_159' title='bbox 432 1503 577 1554; x_wconf 89' lang='lat' dir='ltr'>populo</span> <span class='ocrx_word' id='word_1_160' title='bbox 611 1504 729 1541; x_wconf 88' lang='lat' dir='ltr'>instar</span> <span class='ocrx_word' id='word_1_161' title='bbox 759 1516 873 1553; x_wconf 87' lang='lat' dir='ltr'>capre</span> <span class='ocrx_word' id='word_1_162' title='bbox 905 1514 978 1552; x_wconf 87' lang='lat' dir='ltr'>que</span> <span class='ocrx_word' id='word_1_163' title='bbox 1004 1509 1060 1539; x_wconf 88' lang='lat' dir='ltr'>est</span> <span class='ocrx_word' id='word_1_164' title='bbox 1084 1501 1227 1539; x_wconf 87' lang='lat' dir='ltr'>animal</span> <span class='ocrx_word' id='word_1_165' title='bbox 1260 1501 1537 1551; x_wconf 90' lang='lat' dir='ltr'>ymolaticium,</span> <span class='ocrx_word' id='word_1_166' title='bbox 1568 1507 1604 1538; x_wconf 91' lang='lat' dir='ltr'>et</span> <span class='ocrx_word' id='word_1_167' title='bbox 1634 1499 1762 1549; x_wconf 87' lang='lat' dir='ltr'>quoad</span> 
     </span>
     <span class='ocr_line' id='line_1_20' title="bbox 433 1572 1763 1625; baseline -0.004 -12"><span class='ocrx_word' id='word_1_168' title='bbox 433 1575 658 1625; x_wconf 90' lang='lat' dir='ltr'>dignitatem</span> <span class='ocrx_word' id='word_1_169' title='bbox 678 1575 849 1624; x_wconf 88' lang='lat' dir='ltr'>regalem</span> <span class='ocrx_word' id='word_1_170' title='bbox 870 1574 1093 1611; x_wconf 90' lang='lat' dir='ltr'>humilimus</span> <span class='ocrx_word' id='word_1_171' title='bbox 1123 1572 1201 1619; x_wconf 83' lang='lat' dir='ltr'>fuit,</span> <span class='ocrx_word' id='word_1_172' title='bbox 1225 1579 1265 1610; x_wconf 91' lang='lat' dir='ltr'>ut</span> <span class='ocrx_word' id='word_1_173' title='bbox 1295 1572 1472 1622; x_wconf 83' lang='lat' dir='ltr'>hynulus,</span> <span class='ocrx_word' id='word_1_174' title='bbox 1493 1579 1530 1609; x_wconf 88' lang='lat' dir='ltr'>et</span> <span class='ocrx_word' id='word_1_175' title='bbox 1559 1572 1763 1620; x_wconf 89' lang='lat' dir='ltr'>utrobique</span> 
     </span>
    </p>

    <p class='ocr_par' dir='ltr' id='par_1_12' title="bbox 154 1643 1763 1696">
     <span class='ocr_line' id='line_1_21' title="bbox 154 1643 1763 1696; baseline -0.004 -10"><span class='ocrx_word' id='word_1_176' title='bbox 154 1653 410 1687; x_wconf 83' lang='lat' dir='ltr'>Letthemrejoice</span> <span class='ocrx_word' id='word_1_177' title='bbox 435 1647 623 1694; x_wconf 85' lang='lat' dir='ltr'>silvestris,</span> <span class='ocrx_word' id='word_1_178' title='bbox 657 1646 748 1696; x_wconf 90' lang='lat' dir='ltr'>quia</span> <span class='ocrx_word' id='word_1_179' title='bbox 783 1658 805 1683; x_wconf 91' lang='lat' dir='ltr'>a</span> <span class='ocrx_word' id='word_1_180' title='bbox 839 1658 929 1683; x_wconf 85' lang='lat' dir='ltr'>cura</span> <span class='ocrx_word' id='word_1_181' title='bbox 963 1651 1101 1694; x_wconf 89' lang='lat' dir='ltr'>questu</span> <span class='ocrx_word' id='word_1_182' title='bbox 1136 1651 1171 1682; x_wconf 91' lang='lat' dir='ltr'>et</span> <span class='ocrx_word' id='word_1_183' title='bbox 1204 1643 1303 1681; x_wconf 87' lang='lat' dir='ltr'>fastu</span> <span class='ocrx_word' id='word_1_184' title='bbox 1337 1644 1452 1682; x_wconf 87' lang='lat' dir='ltr'>seculi</span> <span class='ocrx_word' id='word_1_185' title='bbox 1485 1644 1641 1681; x_wconf 89' lang='lat' dir='ltr'>alienus.</span> <span class='ocrx_word' id='word_1_186' title='bbox 1701 1643 1763 1681; x_wconf 85' lang='lat' dir='ltr'>Sic</span> 
     </span>
    </p>
   </div>
   <div class='ocr_carea' id='block_1_10' title="bbox 152 1688 377 1721">
    <p class='ocr_par' dir='ltr' id='par_1_13' title="bbox 152 1688 377 1721">
     <span class='ocr_line' id='line_1_22' title="bbox 152 1688 377 1721; baseline -0.004 -6"><span class='ocrx_word' id='word_1_187' title='bbox 152 1689 177 1715; x_wconf 86' lang='lat' dir='ltr'>is</span> <span class='ocrx_word' id='word_1_188' title='bbox 186 1689 223 1721; x_wconf 90' lang='lat' dir='ltr'>by</span> <span class='ocrx_word' id='word_1_189' title='bbox 237 1689 284 1714; x_wconf 86' lang='lat' dir='ltr'>the</span> <span class='ocrx_word' id='word_1_190' title='bbox 297 1688 377 1714; x_wconf 87' lang='lat' dir='ltr'>with-</span> 
     </span>
    </p>
   </div>
   <div class='ocr_carea' id='block_1_11' title="bbox 153 1714 1764 1788">
    <p class='ocr_par' dir='ltr' id='par_1_14' title="bbox 153 1714 1764 1788">
     <span class='ocr_line' id='line_1_23' title="bbox 153 1714 1764 1788; baseline -0.004 -31"><span class='ocrx_word' id='word_1_191' title='bbox 153 1723 421 1788; x_wconf 47' lang='grc' dir='ltr'>ξῖἒῐζζξὶῐῖἓξηὲἰέν-</span> <span class='ocrx_word' id='word_1_192' title='bbox 435 1725 583 1768; x_wconf 88' lang='lat' dir='ltr'>oportet</span> <span class='ocrx_word' id='word_1_193' title='bbox 620 1717 846 1767; x_wconf 91' lang='lat' dir='ltr'>episcopum</span> <span class='ocrx_word' id='word_1_194' title='bbox 885 1716 961 1754; x_wconf 86' lang='lat' dir='ltr'>sive</span> <span class='ocrx_word' id='word_1_195' title='bbox 1001 1727 1153 1765; x_wconf 89' lang='lat' dir='ltr'>papam.</span> <span class='ocrx_word' id='word_1_196' title='bbox 1215 1714 1253 1752; x_wconf 83' lang='lat' dir='ltr'>Si</span> <span class='ocrx_word' id='word_1_197' title='bbox 1293 1727 1380 1753; x_wconf 83' lang='lat' dir='ltr'>vero</span> <span class='ocrx_word' id='word_1_198' title='bbox 1419 1727 1499 1752; x_wconf 93' lang='lat' dir='ltr'>non</span> <span class='ocrx_word' id='word_1_199' title='bbox 1537 1727 1605 1764; x_wconf 92' lang='lat' dir='ltr'>per</span> <span class='ocrx_word' id='word_1_200' title='bbox 1653 1726 1764 1763; x_wconf 89' lang='lat' dir='ltr'>reges</span> 
     </span>
    </p>
   </div>
   <div class='ocr_carea' id='block_1_12' title="bbox 153 1786 1822 2340">
    <p class='ocr_par' dir='ltr' id='par_1_15' title="bbox 153 1786 1822 2340">
     <span class='ocr_line' id='line_1_24' title="bbox 153 1786 1822 1851; baseline -0.001 -24"><span class='ocrx_word' id='word_1_201' title='bbox 153 1790 422 1851; x_wconf 49' lang='lat' dir='ltr'>{ffiff.}³„l{³‘{,‡{³tefss¹¹⁰w</span> <span class='ocrx_word' id='word_1_202' title='bbox 437 1789 592 1838; x_wconf 86' lang='lat' dir='ltr'>recipiat</span> <span class='ocrx_word' id='word_1_203' title='bbox 613 1789 844 1826; x_wconf 82' lang='lat' dir='ltr'>elemosinas</span> <span class='ocrx_word' id='word_1_204' title='bbox 871 1787 1126 1832; x_wconf 89' lang='lat' dir='ltr'>Constantini,</span> <span class='ocrx_word' id='word_1_205' title='bbox 1153 1786 1317 1836; x_wconf 84' lang='lat' dir='ltr'>gaudeat</span> <span class='ocrx_word' id='word_1_206' title='bbox 1352 1786 1458 1836; x_wconf 89' lang='lat' dir='ltr'>quod</span> <span class='ocrx_word' id='word_1_207' title='bbox 1485 1786 1532 1823; x_wconf 92' lang='lat' dir='ltr'>de</span> <span class='ocrx_word' id='word_1_208' title='bbox 1561 1791 1669 1823; x_wconf 91' lang='lat' dir='ltr'>tanto</span> <span class='ocrx_word' id='word_1_209' title='bbox 1705 1792 1762 1823; x_wconf 89' lang='lat' dir='ltr'>est</span> <span class='ocrx_word' id='word_1_210' title='bbox 1781 1803 1822 1825; x_wconf 91' lang='lat'>20</span> 
     </span>
     <span class='ocr_line' id='line_1_25' title="bbox 439 1856 1764 1906; baseline -0.004 -8"><span class='ocrx_word' id='word_1_211' title='bbox 439 1859 590 1899; x_wconf 85' lang='lat' dir='ltr'>Cristo¹</span> <span class='ocrx_word' id='word_1_212' title='bbox 612 1860 769 1897; x_wconf 89' lang='lat' dir='ltr'>similior</span> <span class='ocrx_word' id='word_1_213' title='bbox 799 1865 1031 1897; x_wconf 86' lang='lat' dir='ltr'>exoneratus</span> <span class='ocrx_word' id='word_1_214' title='bbox 1056 1858 1102 1895; x_wconf 91' lang='lat' dir='ltr'>de</span> <span class='ocrx_word' id='word_1_215' title='bbox 1130 1856 1363 1895; x_wconf 82' lang='lat' dir='ltr'>stercorina2</span> <span class='ocrx_word' id='word_1_216' title='bbox 1391 1857 1610 1894; x_wconf 83' lang='lat' dir='ltr'>substancia</span> <span class='ocrx_word' id='word_1_217' title='bbox 1637 1857 1764 1906; x_wconf 86' lang='lat' dir='ltr'>depri-</span> 
     </span>
     <span class='ocr_line' id='line_1_26' title="bbox 437 1928 1765 1980; baseline -0.004 -10"><span class='ocrx_word' id='word_1_218' title='bbox 437 1939 586 1970; x_wconf 88' lang='lat' dir='ltr'>mente:</span> <span class='ocrx_word' id='word_1_219' title='bbox 622 1932 652 1969; x_wconf 92' lang='lat' dir='ltr'>si</span> <span class='ocrx_word' id='word_1_220' title='bbox 682 1931 877 1980; x_wconf 90' lang='lat' dir='ltr'>provincie</span> <span class='ocrx_word' id='word_1_221' title='bbox 905 1930 1109 1968; x_wconf 89' lang='lat' dir='ltr'>conferunt</span> <span class='ocrx_word' id='word_1_222' title='bbox 1136 1942 1205 1967; x_wconf 87' lang='lat' dir='ltr'>sua</span> <span class='ocrx_word' id='word_1_223' title='bbox 1236 1930 1436 1975; x_wconf 87' lang='lat' dir='ltr'>beneficia,</span> <span class='ocrx_word' id='word_1_224' title='bbox 1464 1929 1628 1978; x_wconf 87' lang='lat' dir='ltr'>gaudeat</span> <span class='ocrx_word' id='word_1_225' title='bbox 1658 1928 1765 1978; x_wconf 92' lang='lat' dir='ltr'>quod</span> 
     </span>
     <span class='ocr_line' id='line_1_27' title="bbox 437 1999 1764 2049; baseline -0.005 -8"><span class='ocrx_word' id='word_1_226' title='bbox 437 2016 459 2041; x_wconf 90' lang='lat' dir='ltr'>a</span> <span class='ocrx_word' id='word_1_227' title='bbox 479 2011 558 2041; x_wconf 86' lang='lat' dir='ltr'>tam</span> <span class='ocrx_word' id='word_1_228' title='bbox 579 2016 671 2040; x_wconf 90' lang='lat' dir='ltr'>ceca</span> <span class='ocrx_word' id='word_1_229' title='bbox 686 2002 960 2040; x_wconf 87' lang='lat' dir='ltr'>distribucione</span> <span class='ocrx_word' id='word_1_230' title='bbox 981 2001 1078 2038; x_wconf 86' lang='lat' dir='ltr'>facta</span> <span class='ocrx_word' id='word_1_231' title='bbox 1099 2000 1266 2049; x_wconf 89' lang='lat' dir='ltr'>indignis</span> <span class='ocrx_word' id='word_1_232' title='bbox 1284 1999 1520 2049; x_wconf 80' lang='lat' dir='ltr'>dampnabili</span> <span class='ocrx_word' id='word_1_233' title='bbox 1537 2005 1764 2043; x_wconf 88' lang='lat' dir='ltr'>excusatur;</span> 
     </span>
     <span class='ocr_line' id='line_1_28' title="bbox 438 2069 1766 2119; baseline -0.005 -7"><span class='ocrx_word' id='word_1_234' title='bbox 438 2075 493 2113; x_wconf 83' lang='lat' dir='ltr'>si3</span> <span class='ocrx_word' id='word_1_235' title='bbox 513 2074 682 2111; x_wconf 91' lang='lat' dir='ltr'>mundus</span> <span class='ocrx_word' id='word_1_236' title='bbox 703 2085 784 2110; x_wconf 90' lang='lat' dir='ltr'>non</span> <span class='ocrx_word' id='word_1_237' title='bbox 808 2073 861 2110; x_wconf 89' lang='lat' dir='ltr'>sic</span> <span class='ocrx_word' id='word_1_238' title='bbox 888 2072 1118 2110; x_wconf 87' lang='lat' dir='ltr'>tumultuose</span> <span class='ocrx_word' id='word_1_239' title='bbox 1148 2071 1306 2109; x_wconf 88' lang='lat' dir='ltr'>confluit</span> <span class='ocrx_word' id='word_1_240' title='bbox 1337 2077 1582 2119; x_wconf 83' lang='lat' dir='ltr'>comportans</span> <span class='ocrx_word' id='word_1_241' title='bbox 1614 2069 1766 2107; x_wconf 80' lang='lat' dir='ltr'>divicias</span> 
     </span>
     <span class='ocr_line' id='line_1_29' title="bbox 436 2141 1821 2193; baseline -0.005 -9"><span class='ocrx_word' id='word_1_242' title='bbox 436 2155 473 2184; x_wconf 89' lang='lat' dir='ltr'>et</span> <span class='ocrx_word' id='word_1_243' title='bbox 501 2146 680 2191; x_wconf 87' lang='lat' dir='ltr'>honores,</span> <span class='ocrx_word' id='word_1_244' title='bbox 704 2152 745 2182; x_wconf 90' lang='lat' dir='ltr'>ut</span> <span class='ocrx_word' id='word_1_245' title='bbox 774 2144 877 2190; x_wconf 89' lang='lat' dir='ltr'>olim,</span> <span class='ocrx_word' id='word_1_246' title='bbox 909 2144 1074 2193; x_wconf 88' lang='lat' dir='ltr'>gaudeat</span> <span class='ocrx_word' id='word_1_247' title='bbox 1104 2142 1209 2193; x_wconf 88' lang='lat' dir='ltr'>quod</span> <span class='ocrx_word' id='word_1_248' title='bbox 1237 2143 1376 2192; x_wconf 88' lang='lat' dir='ltr'>dignus</span> <span class='ocrx_word' id='word_1_249' title='bbox 1412 2142 1458 2180; x_wconf 91' lang='lat' dir='ltr'>sit</span> <span class='ocrx_word' id='word_1_250' title='bbox 1488 2155 1510 2179; x_wconf 89' lang='lat' dir='ltr'>a</span> <span class='ocrx_word' id='word_1_251' title='bbox 1535 2141 1682 2178; x_wconf 90' lang='lat' dir='ltr'>mundo</span> <span class='ocrx_word' id='word_1_252' title='bbox 1713 2141 1765 2178; x_wconf 91' lang='lat' dir='ltr'>sic</span> <span class='ocrx_word' id='word_1_253' title='bbox 1781 2154 1821 2185; x_wconf 86' lang='lat'>25</span> 
     </span>
     <span class='ocr_line' id='line_1_30' title="bbox 438 2214 1765 2267; baseline -0.005 -11"><span class='ocrx_word' id='word_1_254' title='bbox 438 2218 581 2267; x_wconf 89' lang='lat' dir='ltr'>despici</span> <span class='ocrx_word' id='word_1_255' title='bbox 601 2224 680 2254; x_wconf 86' lang='lat' dir='ltr'>tam</span> <span class='ocrx_word' id='word_1_256' title='bbox 702 2216 814 2253; x_wconf 90' lang='lat' dir='ltr'>simili</span> <span class='ocrx_word' id='word_1_257' title='bbox 833 2216 911 2253; x_wconf 91' lang='lat' dir='ltr'>vita</span> <span class='ocrx_word' id='word_1_258' title='bbox 930 2216 968 2253; x_wconf 91' lang='lat' dir='ltr'>in</span> <span class='ocrx_word' id='word_1_259' title='bbox 989 2215 1118 2253; x_wconf 90' lang='lat' dir='ltr'>Cristo</span> <span class='ocrx_word' id='word_1_260' title='bbox 1140 2214 1366 2252; x_wconf 87' lang='lat' dir='ltr'>abscondita</span> <span class='ocrx_word' id='word_1_261' title='bbox 1382 2226 1390 2259; x_wconf 92' lang='lat'>;</span> <span class='ocrx_word' id='word_1_262' title='bbox 1421 2219 1457 2250; x_wconf 90' lang='lat' dir='ltr'>et</span> <span class='ocrx_word' id='word_1_263' title='bbox 1478 2214 1639 2251; x_wconf 88' lang='lat' dir='ltr'>breviter</span> <span class='ocrx_word' id='word_1_264' title='bbox 1659 2219 1765 2250; x_wconf 88' lang='lat' dir='ltr'>notet</span> 
     </span>
     <span class='ocr_line' id='line_1_31' title="bbox 436 2283 1765 2340; baseline -0.005 -13"><span class='ocrx_word' id='word_1_265' title='bbox 436 2290 686 2340; x_wconf 87' lang='lat' dir='ltr'>proprietates</span> <span class='ocrx_word' id='word_1_266' title='bbox 710 2288 867 2325; x_wconf 86' lang='lat' dir='ltr'>istarum</span> <span class='ocrx_word' id='word_1_267' title='bbox 898 2286 1064 2324; x_wconf 88' lang='lat' dir='ltr'>ferarum</span> <span class='ocrx_word' id='word_1_268' title='bbox 1085 2286 1133 2324; x_wconf 91' lang='lat' dir='ltr'>ad</span> <span class='ocrx_word' id='word_1_269' title='bbox 1153 2286 1267 2322; x_wconf 89' lang='lat' dir='ltr'>vitam</span> <span class='ocrx_word' id='word_1_270' title='bbox 1290 2285 1403 2323; x_wconf 91' lang='lat' dir='ltr'>Cristi</span> <span class='ocrx_word' id='word_1_271' title='bbox 1431 2284 1625 2322; x_wconf 88' lang='lat' dir='ltr'>moraliter</span> <span class='ocrx_word' id='word_1_272' title='bbox 1645 2283 1765 2333; x_wconf 89' lang='lat' dir='ltr'>appli-</span> 
     </span>
    </p>
   </div>
   <div class='ocr_carea' id='block_1_13' title="bbox 437 2354 1766 2398">
    <p class='ocr_par' dir='ltr' id='par_1_16' title="bbox 437 2354 1766 2398">
     <span class='ocr_line' id='line_1_32' title="bbox 437 2354 1766 2398; baseline -0.005 0"><span class='ocrx_word' id='word_1_273' title='bbox 437 2367 542 2398; x_wconf 88' lang='lat' dir='ltr'>catas</span> <span class='ocrx_word' id='word_1_274' title='bbox 562 2365 598 2397; x_wconf 89' lang='lat' dir='ltr'>et</span> <span class='ocrx_word' id='word_1_275' title='bbox 619 2359 664 2396; x_wconf 88' lang='lat' dir='ltr'>sit</span> <span class='ocrx_word' id='word_1_276' title='bbox 691 2358 725 2396; x_wconf 93' lang='lat' dir='ltr'>ei</span> <span class='ocrx_word' id='word_1_277' title='bbox 754 2358 898 2396; x_wconf 89' lang='lat' dir='ltr'>similis.</span> <span class='ocrx_word' id='word_1_278' title='bbox 956 2356 1041 2394; x_wconf 93' lang='lat' dir='ltr'>Nec</span> <span class='ocrx_word' id='word_1_279' title='bbox 1071 2363 1126 2394; x_wconf 90' lang='lat' dir='ltr'>est</span> <span class='ocrx_word' id='word_1_280' title='bbox 1155 2356 1287 2393; x_wconf 76' lang='lat' dir='ltr'>aliter⁴</span> <span class='ocrx_word' id='word_1_281' title='bbox 1309 2355 1359 2392; x_wconf 87' lang='lat' dir='ltr'>illi</span> <span class='ocrx_word' id='word_1_282' title='bbox 1391 2355 1503 2393; x_wconf 87' lang='lat' dir='ltr'>salus.</span> <span class='ocrx_word' id='word_1_283' title='bbox 1562 2354 1665 2392; x_wconf 88' lang='lat' dir='ltr'>Nam</span> <span class='ocrx_word' id='word_1_284' title='bbox 1695 2354 1766 2392; x_wconf 90' lang='lat' dir='ltr'>hec</span> 
     </span>
    </p>
   </div>
   <div class='ocr_carea' id='block_1_14' title="bbox 437 2424 1986 2478">
    <p class='ocr_par' dir='ltr' id='par_1_17' title="bbox 437 2424 1986 2478">
     <span class='ocr_line' id='line_1_33' title="bbox 437 2424 1986 2478; baseline -0.006 -10"><span class='ocrx_word' id='word_1_285' title='bbox 437 2431 512 2468; x_wconf 87' lang='lat' dir='ltr'>vita</span> <span class='ocrx_word' id='word_1_286' title='bbox 541 2437 597 2467; x_wconf 90' lang='lat' dir='ltr'>est</span> <span class='ocrx_word' id='word_1_287' title='bbox 624 2430 757 2475; x_wconf 85' lang='lat' dir='ltr'>brevis,</span> <span class='ocrx_word' id='word_1_288' title='bbox 779 2428 900 2478; x_wconf 90' lang='lat' dir='ltr'>gloria</span> <span class='ocrx_word' id='word_1_289' title='bbox 920 2428 1054 2465; x_wconf 91' lang='lat' dir='ltr'>mundi</span> <span class='ocrx_word' id='word_1_290' title='bbox 1075 2440 1198 2474; x_wconf 81' lang='lat' dir='ltr'>vana3</span> <span class='ocrx_word' id='word_1_291' title='bbox 1229 2434 1265 2465; x_wconf 92' lang='lat' dir='ltr'>et</span> <span class='ocrx_word' id='word_1_292' title='bbox 1286 2426 1479 2464; x_wconf 88' lang='lat' dir='ltr'>familiaris</span> <span class='ocrx_word' id='word_1_293' title='bbox 1499 2426 1704 2463; x_wconf 89' lang='lat' dir='ltr'>consulens</span> <span class='ocrx_word' id='word_1_294' title='bbox 1717 2425 1730 2445; x_wconf 84' lang='lat'><strong>⁵</strong></span> <span class='ocrx_word' id='word_1_295' title='bbox 1748 2424 1766 2444; x_wconf 88' lang='lat'><em>*</em></span> <span class='ocrx_word' id='word_1_296' title='bbox 1782 2430 1939 2461; x_wconf 78' lang='lat' dir='ltr'>F01.166</span> <span class='ocrx_word' id='word_1_297' title='bbox 1951 2431 1986 2459; x_wconf 91' lang='lat' dir='ltr'>b.</span> 
     </span>
    </p>
   </div>
   <div class='ocr_carea' id='block_1_15' title="bbox 439 2498 1823 2549">
    <p class='ocr_par' dir='ltr' id='par_1_18' title="bbox 439 2498 1823 2549">
     <span class='ocr_line' id='line_1_34' title="bbox 439 2498 1823 2549; baseline -0.007 -10"><span class='ocrx_word' id='word_1_298' title='bbox 439 2501 671 2539; x_wconf 85' lang='lat' dir='ltr'>cominativa</span> <span class='ocrx_word' id='word_1_299' title='bbox 691 2506 748 2537; x_wconf 89' lang='lat' dir='ltr'>est</span> <span class='ocrx_word' id='word_1_300' title='bbox 767 2499 1017 2549; x_wconf 85' lang='lat' dir='ltr'>periculosius</span> <span class='ocrx_word' id='word_1_301' title='bbox 1039 2498 1202 2536; x_wconf 87' lang='lat' dir='ltr'>inimica.</span> <span class='ocrx_word' id='word_1_302' title='bbox 1782 2518 1823 2549; x_wconf 80' lang='lat'>30</span> 
     </span>
    </p>
   </div>
   <div class='ocr_carea' id='block_1_16' title="bbox 162 2567 1768 2652">
    <p class='ocr_par' dir='ltr' id='par_1_19' title="bbox 162 2567 1768 2652">
     <span class='ocr_line' id='line_1_35' title="bbox 163 2567 1768 2623; baseline -0.004 -12"><span class='ocrx_word' id='word_1_303' title='bbox 163 2591 311 2618; x_wconf 62' lang='lat' dir='ltr'>gunsand</span> <span class='ocrx_word' id='word_1_304' title='bbox 325 2590 409 2623; x_wconf 59' lang='lat' dir='ltr'>papa1</span> <span class='ocrx_word' id='word_1_305' title='bbox 494 2572 614 2620; x_wconf 83' lang='lat' dir='ltr'>Quod</span> <span class='ocrx_word' id='word_1_306' title='bbox 652 2572 683 2609; x_wconf 90' lang='lat' dir='ltr'>si</span> <span class='ocrx_word' id='word_1_307' title='bbox 721 2578 900 2620; x_wconf 89' lang='lat' dir='ltr'>queratur</span> <span class='ocrx_word' id='word_1_308' title='bbox 944 2570 991 2608; x_wconf 90' lang='lat' dir='ltr'>de</span> <span class='ocrx_word' id='word_1_309' title='bbox 1035 2568 1187 2618; x_wconf 89' lang='lat' dir='ltr'>legibus</span> <span class='ocrx_word' id='word_1_310' title='bbox 1202 2569 1226 2615; x_wconf 79' lang='lat'>⁶,</span> <span class='ocrx_word' id='word_1_311' title='bbox 1265 2568 1311 2606; x_wconf 93' lang='lat' dir='ltr'>de</span> <span class='ocrx_word' id='word_1_312' title='bbox 1350 2568 1460 2606; x_wconf 89' lang='lat' dir='ltr'>bullis</span> <span class='ocrx_word' id='word_1_313' title='bbox 1500 2575 1538 2606; x_wconf 89' lang='lat' dir='ltr'>et</span> <span class='ocrx_word' id='word_1_314' title='bbox 1578 2567 1768 2606; x_wconf 86' lang='lat' dir='ltr'>mandatis</span> 
     </span>
     <span class='ocr_line' id='line_1_36' title="bbox 162 2626 393 2652; baseline -0.013 0"><span class='ocrx_word' id='word_1_315' title='bbox 162 2626 307 2652; x_wconf 76' lang='lat' dir='ltr'>mandates</span> <span class='ocrx_word' id='word_1_316' title='bbox 321 2631 393 2650; x_wconf 90' lang='lat' dir='ltr'>must</span> 
     </span>
    </p>
   </div>
   <div class='ocr_carea' id='block_1_17' title="bbox 162 2638 1766 2694">
    <p class='ocr_par' dir='ltr' id='par_1_20' title="bbox 162 2638 1766 2694">
     <span class='ocr_line' id='line_1_37' title="bbox 162 2638 1766 2694; baseline -0.006 -9"><span class='ocrx_word' id='word_1_317' title='bbox 162 2660 229 2691; x_wconf 84' lang='lat' dir='ltr'>only</span> <span class='ocrx_word' id='word_1_318' title='bbox 243 2659 276 2684; x_wconf 79' lang='lat' dir='ltr'>be</span> <span class='ocrx_word' id='word_1_319' title='bbox 290 2658 399 2690; x_wconf 81' lang='lat' dir='ltr'>obeyed</span> <span class='ocrx_word' id='word_1_320' title='bbox 440 2643 653 2694; x_wconf 87' lang='lat' dir='ltr'>papalibus,</span> <span class='ocrx_word' id='word_1_321' title='bbox 679 2642 879 2692; x_wconf 89' lang='lat' dir='ltr'>quomodo</span> <span class='ocrx_word' id='word_1_322' title='bbox 909 2641 1023 2678; x_wconf 92' lang='lat' dir='ltr'>debet</span> <span class='ocrx_word' id='word_1_323' title='bbox 1050 2640 1196 2678; x_wconf 88' lang='lat' dir='ltr'>obediri</span> <span class='ocrx_word' id='word_1_324' title='bbox 1217 2639 1275 2677; x_wconf 92' lang='lat' dir='ltr'>vel</span> <span class='ocrx_word' id='word_1_325' title='bbox 1299 2640 1400 2677; x_wconf 89' lang='lat' dir='ltr'>credi</span> <span class='ocrx_word' id='word_1_326' title='bbox 1426 2640 1507 2685; x_wconf 86' lang='lat' dir='ltr'>illis,</span> <span class='ocrx_word' id='word_1_327' title='bbox 1529 2647 1633 2689; x_wconf 86' lang='lat' dir='ltr'>patet</span> <span class='ocrx_word' id='word_1_328' title='bbox 1659 2638 1766 2688; x_wconf 89' lang='lat' dir='ltr'>quod</span> 
     </span>
    </p>
   </div>
   <div class='ocr_carea' id='block_1_18' title="bbox 163 2692 428 2724">
    <p class='ocr_par' dir='ltr' id='par_1_21' title="bbox 163 2692 428 2724">
     <span class='ocr_line' id='line_1_38' title="bbox 163 2692 428 2724; baseline -0.008 -5"><span class='ocrx_word' id='word_1_329' title='bbox 163 2703 194 2719; x_wconf 90' lang='lat' dir='ltr'>so</span> <span class='ocrx_word' id='word_1_330' title='bbox 207 2693 248 2718; x_wconf 79' lang='lat' dir='ltr'>far</span> <span class='ocrx_word' id='word_1_331' title='bbox 261 2701 291 2718; x_wconf 87' lang='lat' dir='ltr'>as</span> <span class='ocrx_word' id='word_1_332' title='bbox 302 2692 369 2724; x_wconf 89' lang='lat' dir='ltr'>they</span> <span class='ocrx_word' id='word_1_333' title='bbox 381 2700 428 2717; x_wconf 83' lang='lat' dir='ltr'>are</span> 
     </span>
    </p>
   </div>
   <div class='ocr_carea' id='block_1_19' title="bbox 162 2709 1767 2908">
    <p class='ocr_par' dir='ltr' id='par_1_22' title="bbox 162 2709 1767 2792">
     <span class='ocr_line' id='line_1_39' title="bbox 162 2709 1767 2786; baseline -0.003 -35"><span class='ocrx_word' id='word_1_334' title='bbox 162 2726 286 2786; x_wconf 45' lang='lat' dir='ltr'>gupdted</span> <span class='ocrx_word' id='word_1_335' title='bbox 299 2735 334 2751; x_wconf 85' lang='lat' dir='ltr'>on</span> <span class='ocrx_word' id='word_1_336' title='bbox 441 2715 622 2764; x_wconf 90' lang='lat' dir='ltr'>precipue</span> <span class='ocrx_word' id='word_1_337' title='bbox 643 2720 746 2751; x_wconf 86' lang='lat' dir='ltr'>tante</span> <span class='ocrx_word' id='word_1_338' title='bbox 767 2719 908 2762; x_wconf 88' lang='lat' dir='ltr'>quante</span> <span class='ocrx_word' id='word_1_339' title='bbox 939 2718 1026 2749; x_wconf 90' lang='lat' dir='ltr'>sunt</span> <span class='ocrx_word' id='word_1_340' title='bbox 1047 2710 1254 2748; x_wconf 85' lang='lat' dir='ltr'>fundabilia</span> <span class='ocrx_word' id='word_1_341' title='bbox 1277 2723 1323 2747; x_wconf 84' lang='lat' dir='ltr'>ex</span> <span class='ocrx_word' id='word_1_342' title='bbox 1346 2710 1550 2760; x_wconf 88' lang='lat' dir='ltr'>scripturis.</span> <span class='ocrx_word' id='word_1_343' title='bbox 1608 2709 1699 2756; x_wconf 87' lang='lat' dir='ltr'>Quo</span> <span class='ocrx_word' id='word_1_344' title='bbox 1719 2709 1767 2746; x_wconf 92' lang='lat' dir='ltr'>ad</span> 
     </span>
     <span class='ocr_line' id='line_1_40' title="bbox 185 2769 316 2792; baseline 0 -7"><span class='ocrx_word' id='word_1_345' title='bbox 185 2769 243 2792; x_wconf 79' lang='lat' dir='ltr'>erip</span> <span class='ocrx_word' id='word_1_346' title='bbox 258 2769 316 2786; x_wconf 84' lang='lat' dir='ltr'>ure.</span> 
     </span>
    </p>

    <p class='ocr_par' dir='ltr' id='par_1_23' title="bbox 487 2812 1766 2856">
     <span class='ocr_line' id='line_1_41' title="bbox 487 2812 1766 2856; baseline -0.005 -7"><span class='ocrx_word' id='word_1_347' title='bbox 487 2817 496 2835; x_wconf 93' lang='lat'><strong>¹</strong></span> <span class='ocrx_word' id='word_1_348' title='bbox 519 2818 677 2856; x_wconf 87' lang='lat' dir='ltr'>Christus,</span> <span class='ocrx_word' id='word_1_349' title='bbox 694 2824 728 2847; x_wconf 86' lang='grc' dir='ltr'>Α.</span> <span class='ocrx_word' id='word_1_350' title='bbox 851 2815 863 2832; x_wconf 78' lang='lat'>²</span> <span class='ocrx_word' id='word_1_351' title='bbox 885 2820 1071 2851; x_wconf 86' lang='lat' dir='ltr'>stercorum,</span> <span class='ocrx_word' id='word_1_352' title='bbox 1089 2822 1123 2845; x_wconf 84' lang='lat' dir='ltr'>A.</span> <span class='ocrx_word' id='word_1_353' title='bbox 1245 2812 1256 2829; x_wconf 87' lang='lat'>³</span> <span class='ocrx_word' id='word_1_354' title='bbox 1279 2814 1365 2855; x_wconf 91' lang='lat' dir='ltr'>quod</span> <span class='ocrx_word' id='word_1_355' title='bbox 1383 2819 1446 2855; x_wconf 76' lang='lat' dir='ltr'>pro</span> <span class='ocrx_word' id='word_1_356' title='bbox 1462 2814 1499 2851; x_wconf 83' lang='lat' dir='ltr'>si,</span> <span class='ocrx_word' id='word_1_357' title='bbox 1517 2821 1550 2851; x_wconf 84' lang='lat' dir='ltr'>A,</span> <span class='ocrx_word' id='word_1_358' title='bbox 1570 2821 1611 2851; x_wconf 78' lang='lat'>133</span> <span class='ocrx_word' id='word_1_359' title='bbox 1635 2813 1669 2849; x_wconf 93' lang='lat' dir='ltr'>si,</span> <span class='ocrx_word' id='word_1_360' title='bbox 1685 2823 1766 2843; x_wconf 81' lang='lat' dir='ltr'>corr.</span> 
     </span>
    </p>

    <p class='ocr_par' dir='ltr' id='par_1_24' title="bbox 443 2864 1767 2908">
     <span class='ocr_line' id='line_1_42' title="bbox 443 2864 1767 2908; baseline -0.005 -8"><span class='ocrx_word' id='word_1_361' title='bbox 443 2869 528 2901; x_wconf 85' lang='lat' dir='ltr'>Edd.</span> <span class='ocrx_word' id='word_1_362' title='bbox 682 2867 694 2885; x_wconf 70' lang='lat'>4</span> <span class='ocrx_word' id='word_1_363' title='bbox 717 2868 797 2899; x_wconf 85' lang='lat' dir='ltr'>alter</span> <span class='ocrx_word' id='word_1_364' title='bbox 821 2872 883 2908; x_wconf 75' lang='lat' dir='ltr'>pro</span> <span class='ocrx_word' id='word_1_365' title='bbox 906 2867 1012 2905; x_wconf 87' lang='lat' dir='ltr'>aliter,</span> <span class='ocrx_word' id='word_1_366' title='bbox 1038 2874 1075 2902; x_wconf 85' lang='grc' dir='ltr'>Β;</span> <span class='ocrx_word' id='word_1_367' title='bbox 1107 2867 1129 2897; x_wconf 88' lang='lat' dir='ltr'>z&#39;.</span> <span class='ocrx_word' id='word_1_368' title='bbox 1155 2876 1197 2897; x_wconf 86' lang='lat' dir='ltr'>m.</span> <span class='ocrx_word' id='word_1_369' title='bbox 1222 2873 1254 2895; x_wconf 84' lang='grc' dir='ltr'>Α.</span> <span class='ocrx_word' id='word_1_370' title='bbox 1410 2866 1421 2883; x_wconf 86' lang='lat'>⁵</span> <span class='ocrx_word' id='word_1_371' title='bbox 1444 2864 1624 2902; x_wconf 86' lang='lat' dir='ltr'>consulens,</span> <span class='ocrx_word' id='word_1_372' title='bbox 1647 2874 1707 2894; x_wconf 85' lang='lat' dir='ltr'>om.</span> <span class='ocrx_word' id='word_1_373' title='bbox 1734 2872 1767 2894; x_wconf 82' lang='lat' dir='ltr'>A.</span> 
     </span>
    </p>
   </div>
   <div class='ocr_carea' id='block_1_20' title="bbox 442 2917 1221 2962">
    <p class='ocr_par' dir='ltr' id='par_1_25' title="bbox 442 2917 1221 2962">
     <span class='ocr_line' id='line_1_43' title="bbox 442 2917 1221 2962; baseline -0.006 -10"><span class='ocrx_word' id='word_1_374' title='bbox 442 2921 454 2939; x_wconf 83' lang='lat'><strong>⁶</strong></span> <span class='ocrx_word' id='word_1_375' title='bbox 477 2921 605 2962; x_wconf 73' lang='lat' dir='ltr'>legibus</span> <span class='ocrx_word' id='word_1_376' title='bbox 621 2925 650 2952; x_wconf 89' lang='lat' dir='ltr'>et</span> <span class='ocrx_word' id='word_1_377' title='bbox 668 2920 767 2951; x_wconf 86' lang='lat' dir='ltr'>bullis</span> <span class='ocrx_word' id='word_1_378' title='bbox 783 2924 847 2960; x_wconf 70' lang='lat' dir='ltr'>pro</span> <span class='ocrx_word' id='word_1_379' title='bbox 863 2919 990 2960; x_wconf 83' lang='lat' dir='ltr'>legibus</span> <span class='ocrx_word' id='word_1_380' title='bbox 1005 2918 1045 2949; x_wconf 90' lang='lat' dir='ltr'>de</span> <span class='ocrx_word' id='word_1_381' title='bbox 1061 2917 1170 2954; x_wconf 87' lang='lat' dir='ltr'>bullis,</span> <span class='ocrx_word' id='word_1_382' title='bbox 1189 2926 1221 2948; x_wconf 85' lang='lat' dir='ltr'>A.</span> 
     </span>
    </p>
   </div>
  </div>
 </body>
</html>
