2018 3401
682 341 747 374 DE
780 341 973 374 OFFICIO
1006 339 1160 372 REGIS.
1804 332 1855 377 25

0 454 208 503 *Reaaaexit
255 446 450 499 apostolus
475 447 641 486 Roman.
672 446 733 484 xii.
760 445 866 496 quod
893 457 1030 483 omnes
1055 443 1233 481 homines
1263 441 1336 480 sint
1360 441 1493 478 honore
1523 441 1578 477 ἰη-

41 509 90 533 10.

160 501 243 530 ³²-

243 521 366 557 ‘m'z-em
381 519 635 568 prevenientes.
695 516 819 554 Debet
847 523 975 553 autem
1000 515 1121 552 homo
1140 513 1329 551 honorare
1351 512 1578 561 superiores,

255 589 450 627 inferiores
471 594 508 626 et
534 588 658 626 socios
679 587 801 637 gradu
831 598 915 633 suo,
935 593 972 623 et
993 585 1128 623 servire
1148 584 1213 629 eis,
1235 582 1390 620 obedire
1418 593 1580 630 evange-

255 661 324 698 lice
351 666 386 697 et
409 658 529 696 subici
558 670 636 707 quo
666 657 715 695 ad
742 669 892 706 corpus.
947 656 998 693 Et
1023 667 1113 693 cum
1143 654 1257 692 debet
1289 653 1479 691 honorare
1514 664 1581 689 eos

223 730 402 767 5honore
449 728 634 766 continuo
682 734 783 777 patet
831 725 937 776 quod
984 737 1064 763 non
1102 725 1241 771 obviat,
1275 723 1342 761 sed
1380 729 1579 767 consonat,

254 806 431 848 prompte
452 798 735 848 perficientibus
762 797 887 846 legem
909 796 968 834 dei
990 796 1095 845 quod
1120 801 1390 833 conversantes
1417 794 1578 830 alterna-

255 870 323 907 tim
344 869 558 906 successive
579 880 662 905 sese
687 868 911 917 preveniant
930 867 969 904 in
996 867 1153 905 honore.
1210 864 1356 902 Ymmo
1384 870 1456 901 stat
1482 863 1580 900 duos
1592 875 1671 901 Thus
1684 876 1743 902 also
1757 881 1812 901 two

1593 918 1654 934 men
1669 919 1733 941 may
1748 910 1856 936 honour

256 939 367 978 simul
395 951 434 976 se
454 939 651 988 prevenire
682 939 721 975 in
740 938 887 976 honore
915 937 1128 975 secundum
1150 937 1343 986 disparem
1371 935 1577 978 racionem,
1591 943 1802 1002 ῧῗὲὴάῗᾶὲιὲῃῗη

257 1022 346 1048 cum
373 1009 585 1047 secundum
606 1020 820 1054 numerum,
842 1008 1068 1058 dignitatum
1096 1014 1133 1046 et
1161 1008 1341 1044 virtutum
1370 1012 1456 1043 sunt
1486 1005 1579 1042 tituli
1593 1010 1762 1075 {3123}ss
1764 1009 1825 1068 grifi-

42 1098 54 1120 1
74 1088 161 1120 Tim.
179 1099 208 1119 v.
255 1079 483 1118 honorandi.
540 1078 644 1116 Nam
677 1092 707 1115 1.
730 1079 886 1116 Thimo.
909 1085 950 1115 v⁰
978 1079 1069 1116 dicit
1095 1077 1305 1127 Apostolus
1334 1076 1412 1122 Qui
1426 1077 1792 1125 presunlrespective1y3

42 1139 90 1172 17.

1592 1111 1647 1135 and
1661 1110 1708 1135 the
1722 1119 1797 1135 same

255 1151 335 1188 bene
363 1150 564 1198 presbiteri
591 1150 734 1198 duplici
763 1150 895 1186 honore
927 1150 1038 1198 digni
1066 1149 1280 1193 habeamur,
1316 1148 1480 1184 maxime
1517 1143 1819 1202 φτιίῗζῇέἐῖᾏῆζῃξῗζθ

255 1221 430 1258 laborant
453 1222 491 1256 in
514 1220 618 1257 verbo
645 1224 678 1256 et
697 1220 876 1256 doctrina.
933 1219 1036 1257 Ecce
1057 1218 1220 1267 dignitas
1241 1218 1402 1266 duplicis
1424 1217 1582 1254 honoris
1595 1211 1713 1236 ¹¹0¹¹0²ffi

256 1291 456 1341 presbiteri
474 1303 482 1327 :
513 1290 637 1340 prima
657 1290 746 1339 quia
765 1297 903 1339 preest,
924 1289 1096 1327 secunda
1115 1289 1204 1337 quia
1223 1288 1321 1326 bene
1342 1294 1476 1337 preest.
1533 1286 1583 1324 Et

257 1373 348 1399 cum
374 1361 497 1410 prima
523 1367 649 1409 potest
674 1372 741 1409 per
771 1371 810 1397 se
838 1372 922 1397 esse
948 1360 1028 1397 sine
1055 1358 1226 1397 secunda
1254 1364 1359 1407 patet
1389 1357 1584 1394 sentencia

206 1431 472 1480 ¹5Augustini,
512 1442 629 1480 quam
668 1430 745 1467 dixi
783 1428 931 1479 primo¹
964 1429 1130 1479 capitulo
1168 1429 1274 1478 quod
1312 1427 1510 1478 presidens
1548 1434 1584 1465 et

256 1501 436 1540 sacerdos
462 1507 519 1538 est
545 1507 700 1550 propter
723 1500 866 1538 nudam
892 1500 1116 1549 dignitatem
1148 1499 1292 1537 ordinis
1323 1498 1584 1543 honorandus,

256 1573 362 1610 aliter
381 1572 483 1610 enim
499 1583 578 1609 non
594 1571 736 1609 diceret
753 1571 950 1620 apostolus
967 1571 1107 1620 duplici
1127 1570 1273 1608 honore
1287 1569 1393 1618 digni
1414 1570 1584 1607 habean-

256 1649 327 1680 tur.
384 1643 494 1680 Patet
514 1642 688 1680 secundo
709 1642 814 1691 quod
835 1649 995 1691 utraque
1017 1639 1188 1691 species2
1207 1641 1399 1690 dignitatis
1427 1641 1585 1679 honoris
1599 1649 1811 1709 :fiagifffdthesfe

1613 1693 1635 1708 w
1678 1692 1714 1708 'ln
1737 1692 1754 1708 S·
1769 1692 1785 1708 O

259 1713 430 1751 continet
461 1713 499 1749 in
534 1725 574 1750 se
606 1713 744 1750 multas
777 1713 925 1762 species
960 1713 1018 1749 vel
1054 1713 1207 1762 gradus,
1241 1712 1332 1762 quia
1367 1712 1473 1749 aliter
1506 1724 1584 1749 non
1600 1717 1707 1742 honour
1721 1717 1864 1748 hasmany

1599 1751 1721 1783 degrees.

210 1797 249 1819 20
262 1784 403 1822 diceret
423 1783 631 1832 apostolus,
654 1782 835 1821 Maxime
862 1785 930 1832 qm·
944 1783 1117 1820 laborant
1135 1785 1173 1819 z'n
1194 1782 1300 1820 verbo
1323 1784 1586 1832 predc'calt'omlr

260 1859 294 1892 et
311 1855 477 1891 doctrina
491 1855 725 1902 operacionis.
755 1853 859 1891 Nam
876 1854 941 1891 ubi
956 1861 1013 1891 est
1026 1855 1219 1891 maximus
1235 1853 1376 1903 gradus
1393 1853 1586 1904 dignitatis

260 1924 417 1963 honoris
450 1931 507 1962 est
546 1924 636 1962 dare
676 1924 861 1974 quotlibet
899 1924 1106 1962 latitudinis
1140 1924 1343 1973 dignitatis.
1399 1924 1449 1962 Et
1483 1931 1587 1974 patet

261 1994 396 2032 divisio
416 1994 504 2032 data
524 1994 696 2044 superius
717 1994 763 2031 de
784 1994 942 2040 honore,
960 1995 1158 2044 quomodo
1179 1995 1314 2045 aliquis
1334 1995 1585 2034 honorandus
1598 2006 1677 2032 Thus
1690 2005 1799 2031 honour

1599 2049 1664 2071 may
1677 2039 1710 2064 be
1724 2039 1812 2064 either

262 2071 319 2102 est
369 2065 524 2102 racione
576 2065 768 2114 dignitatis
818 2065 1009 2111 naturalis,
1063 2065 1199 2114 aliquis
1251 2073 1378 2103 autem
1431 2066 1585 2103 racione
1598 2071 1860 2132 gatssrzixloriahcci-c)ff

1619 2113 1754 2135 ena;e1
1791 2114 1819 2130 er

209 2141 248 2172 25
263 2134 456 2184 dignitatis
504 2134 764 2172 accidentalis.
842 2135 893 2172 Et
940 2135 1014 2173 hoc
1064 2135 1275 2184 dupliciter,
1324 2136 1383 2173 vel
1431 2137 1585 2173 racione
1600 2139 1825 2176 officialdignity

1601 2183 1632 2199 or
1645 2173 1675 2198 os
1686 2178 1783 2202 mer1t;
1804 2171 1836 2197 of

263 2205 456 2254 dignitatis
486 2204 600 2242 officii
633 2204 691 2242 vel
724 2204 880 2243 virtutis.
939 2205 978 2242 Si
1009 2205 1164 2243 racione
1193 2206 1317 2251 officii,
1343 2206 1401 2243 vel
1436 2206 1588 2256 laycalis
1601 2205 1866 2237 Officiaheitherlay

1601 2250 1631 2266 or
1644 2239 1765 2269 clerical,
1777 2245 1829 2265 etc-

263 2276 302 2312 in
340 2287 418 2324 quo
456 2287 521 2312 rex
569 2280 672 2312 tenet
719 2286 912 2312 summum
960 2275 1132 2329 gradum,
1173 2275 1231 2313 vel
1276 2276 1429 2314 racione
1477 2276 1588 2314 officii

263 2345 446 2383 clericalis
467 2345 504 2381 in
526 2357 603 2395 quo
628 2356 802 2382 summus
823 2345 1004 2383 sacerdos
1035 2352 1138 2383 tenet
1158 2346 1322 2395 gradum
1351 2347 1588 2396 precipuum.

263 2416 313 2454 Et
348 2416 401 2453 sic
440 2422 643 2465 utrumque
681 2416 898 2453 membrum
937 2415 1092 2453 ulterius
1130 2416 1335 2454 dividendo
1375 2417 1587 2455 secundum

210 2500 251 2531 30
264 2486 478 2535 simplicem
505 2485 698 2523 racionem
725 2485 783 2522 vel
811 2486 1065 2535 compositam
1094 2487 1206 2524 officii
1231 2487 1288 2524 vel
1316 2488 1470 2526 virtutis.
1527 2488 1587 2525 Ex

263 2568 341 2606 quo
360 2562 464 2606 patet
483 2556 588 2604 quod
601 2555 827 2605 magnitudo
848 2556 970 2593 laudis
992 2557 1048 2594 vel
1069 2556 1227 2594 honoris
1242 2558 1427 2595 mundani
1447 2559 1589 2596 attendi
1604 2561 1665 2586 The
1678 2565 1820 2598 meatus—³⁵
1838 2559 1870 2586 0f

1605 2595 1712 2620 honour
1726 2603 1816 2619 varies

264 2626 376 2664 debet
409 2638 527 2675 penes
561 2626 866 2674 magnitudinem
900 2627 1061 2664 racionis
1097 2627 1310 2664 secundum
1350 2640 1468 2677 quam
1503 2629 1588 2677 capi
1602 2627 1850 2686 ffihktffisstlffciss

264 2696 376 2734 debet
399 2695 522 2733 honor
547 2695 778 2733 huiusmodi.
835 2696 896 2733 Ex
927 2697 1066 2746 quibus
1093 2697 1271 2746 sequitur,
1300 2697 1405 2746 quod
1432 2698 1585 2747 quilibet
1602 2694 1864 2723 Whichitbeffin-ss·

1601 2727 1662 2752 that
1674 2728 1728 2752 due
1737 2733 1764 2752 to
1776 2727 1866 2752 virtue

262 2767 388 2804 honor
413 2766 561 2803 virtutis
586 2773 642 2804 est
674 2766 992 2816 quoddammodo
1023 2766 1060 2803 in
1092 2767 1281 2804 infinitum
1313 2768 1436 2805 maior
1470 2781 1583 2818 quam
1598 2759 1861 2826 gffgssffefflffiffi'g'm

1599 2829 1653 2851 ‹lue
1668 2832 1697 2851 t..
1709 2827 1787 2853 office
1801 2836 1832 2852 ur

262 2836 388 2874 honor
409 2835 521 2874 officii
541 2836 598 2874 vel
620 2844 762 2874 nature.
821 2836 923 2874 Nam
946 2837 1061 2874 virtus
1082 2837 1328 2886 presupponit
1350 2837 1528 2883 officium,
1550 2846 1582 2876 et
1600 2866 1708 2887 nature.

463 2922 470 2939 ¹
497 2922 655 2961 proximo,
676 2929 705 2952 Β.
968 2921 979 2938 ²¹
1002 2933 1110 2953 sensus
1128 2927 1190 2963 [ro
1207 2923 1342 2963 specics,
1361 2932 1393 2954 Α.
