2018 3401
690 319 752 351 DF.
788 320 984 353 OFFICIO
1018 322 1173 354 REGIS.
1823 324 1873 367 15

271 420 375 470 leges
407 428 444 459 et
478 430 698 461 sanctorum
729 426 981 463 auctoritates.
1037 426 1087 463 Et
1121 427 1191 464 ista
1223 427 1366 464 videtur
1402 429 1596 466 sentencia

271 493 475 541 Augustini
502 494 669 543 capitulo
693 496 821 532 xxxiio
844 496 882 532 in
907 496 953 533 de
982 497 1245 545 questionibus
1272 498 1407 535 veteris
1432 506 1468 535 et
1498 511 1596 536 nove

271 563 376 612 legis.
433 563 509 601 Ubi
540 564 781 603 ostendendo
816 567 1015 615 quomodo
1050 568 1249 604 cristianus
1282 580 1321 605 se
1357 569 1513 606 habebit
1548 569 1596 606 ad

53 633 141 675 Aug.
272 633 459 671 honorem
489 634 593 671 diviti
621 642 657 672 et
687 637 844 685 pauperi
874 637 1162 685 inpendendum
1195 638 1248 676 sic
1281 638 1471 687 loquitur:
1500 638 1596 676 Con·
1609 638 1670 676 The
1683 637 1844 665 diSstnCfiOn

54 678 175 717 Quaest.
192 687 231 708 ex
1609 680 1632 696 15
1645 672 1692 696 the
1706 681 1781 697 same
1793 681 1825 697 as

54 720 128 750 νεῖ,
145 720 234 751 Test·
270 705 475 752 tempnendz'
490 705 606 753 plane
635 710 723 742 sunt
750 712 980 755 corruptores
1003 721 1144 744 morum
1169 713 1203 745 el
1229 710 1407 757 sacrilegi
1425 711 1463 745 z'n
1487 710 1594 758 legem
1610 705 1830 770 ΐζὲξζῇζεᾞῖ

53 763 151 794 xnii·
271 775 337 820 dei,
364 775 574 812 honorandi
591 788 675 813 vero
701 777 888 825 diligentes
910 778 1013 814 deum
1036 783 1069 814 et
1089 779 1279 828 discipline
1302 780 1465 819 cultores.
1523 777 1700 830 Hl'sffiffi'}
1711 772 1848 831 Ξζᾎῑᾞῑξε

269 846 362 881 enim
389 845 516 882 divites
538 851 630 894 aput
653 847 755 883 deum
781 848 969 894 habentur,
993 850 1062 896 qui
1079 849 1165 886 bone
1193 852 1480 886 conversacz'om's
1499 854 1594 895 sunt,
1609 837 1706 864 ‘ieheS'

268 920 302 952 et
318 921 454 964 quanto
474 918 512 953 in
533 918 664 954 mundo
679 916 1052 971 conlemptz'bz'l[z'0r]es
1064 925 1160 965 sunt,
1176 924 1275 957 tanto
1288 922 1408 968 magis
1421 921 1596 969 honorifi-

53 981 96 1012 0-
269 988 442 1023 cenciores
473 988 512 1024 in
542 988 622 1024 celo.
678 988 728 1025 Et
758 1000 806 1025 ne
830 989 1001 1026 videatur
1025 990 1228 1027 excludere
1252 1003 1381 1028 veram
1413 990 1595 1028 honorifi-

218 1057 442 1094 xocenciam
483 1058 638 1106 regibus
677 1065 714 1095 et
753 1059 868 1096 seculi
907 1060 1085 1097 divitibus
1129 1061 1429 1109 impendendam
1469 1067 1596 1098 narrat

268 1127 481 1165 secundum
513 1140 628 1177 quam
662 1128 826 1166 formam
860 1142 968 1178 reges
1007 1137 1096 1167 sunt
1135 1131 1332 1179 dupliciter
1371 1131 1596 1169 honorandi.

273 1197 352 1244 Qui
365 1198 487 1247 inquit
507 1199 713 1248 beneficium
734 1204 930 1248 temporum
954 1201 1085 1237 habent
1103 1202 1142 1237 z'n
1163 1201 1387 1249 ampliandis
1391 1202 1596 1250 facultati·
1611 1201 1648 1227 So
1660 1202 1734 1234 300‘1
1750 1202 1849 1234 Kingssae

1609 1235 1664 1260 like
1679 1235 1757 1261 those
1771 1236 1834 1261 who

268 1270 344 1313 bus,
365 1270 403 1305 sz'
422 1282 458 1306 se
485 1269 721 1317 cognoscanst
746 1274 780 1306 et
805 1271 1015 1319 mlellzgranl
1038 1272 1098 1308 dei
1113 1272 1340 1317 voluntatem,
1370 1274 1438 1320 qui
1459 1276 1595 1308 terram
1610 1268 1869 1333 ᾖζξῖῑῇῗζῇὶὲζξῆ

1609 1344 1656 1360 are
1670 1335 1780 1366 worthy
1793 1336 1825 1361 of

268 1340 432 1377 omnibus
454 1340 552 1376 dedit
570 1345 604 1376 et
624 1341 729 1377 solem
754 1353 860 1377 suum
886 1343 1025 1377 cunctis
1054 1343 1156 1378 oriri
1180 1343 1283 1387 iubet,
1311 1346 1344 1378 et
1359 1343 1514 1390 pluvias
1540 1344 1596 1379 z'n-
1610 1368 1712 1394 double
1724 1369 1840 1395 honour.

217 1420 255 1452 15
270 1411 445 1447 discretas
470 1410 632 1459 effundit,
657 1412 835 1458 iniquitas
859 1416 975 1447 autem
1002 1414 1170 1460 temporis
1192 1416 1260 1448 aut
1264 1412 1426 1462 fortune
1449 1413 1596 1460 quibus-

51 1483 132 1514 Fol.
144 1485 214 1514 109
229 1493 260 1514 a.
272 1482 355 1517 dam
376 1481 532 1529 abnegat
548 1494 613 1529 que
635 1479 652 1499 *
671 1482 755 1517 deus
775 1482 938 1518 omnibus
953 1483 1056 1518 dedit.
1095 1481 1172 1519 Sed
1181 1484 1395 1530 temporalia
1411 1484 1602 1520 ministrat

268 1552 453 1597 divitibus,
476 1556 518 1588 ut
526 1552 752 1600 perficientes
771 1552 832 1588 dez'
845 1553 1062 1589 volunlatem
1082 1566 1152 1589 non
1172 1554 1287 1590 solum
1310 1555 1349 1589 z'n
1370 1554 1513 1599 munch,
1539 1554 1602 1589 sed

267 1623 379 1659 eciam
407 1623 445 1658 z'n
471 1623 542 1658 celo
573 1623 701 1658 divites
730 1624 815 1667 sint,
842 1635 884 1659 ne
906 1624 1028 1671 pauci
1049 1625 1215 1671 temporis
1239 1624 1371 1660 dz'vz'cz'e
1396 1625 1601 1660 excludant

267 1697 417 1729 eternas.
447 1692 578 1738 Tales,
601 1693 771 1741 inquam,
795 1693 943 1730 mundo
969 1694 1101 1730 divites
1123 1700 1211 1731 sunt
1232 1693 1431 1742 dupliciter
1452 1693 1596 1730 honor·

215 1779 255 1801 20
269 1763 380 1799 andi:
412 1762 535 1800 honor
555 1763 658 1799 enirn
679 1774 889 1811 pauperum
908 1763 993 1812 plus
1014 1764 1270 1801 virtuosorum
1292 1770 1350 1801 est
1371 1764 1541 1801 securior
1560 1769 1597 1800 et

268 1833 488 1882 simpliciter
517 1833 650 1878 maior,
674 1839 714 1869 ut
738 1834 882 1882 patebit
907 1834 1072 1880 inferius,
1094 1835 1195 1872 unde
1226 1835 1398 1884 sequitur
1426 1835 1464 1870 in
1489 1841 1597 1872 textu

267 1900 471 1952 Augustini
488 1917 495 1941 :
518 1903 591 1940 Illz'
605 1916 688 1940 vero
707 1917 794 1952 quos
804 1907 1038 1953 paupertatis
1057 1918 1170 1942 causa
1190 1906 1428 1953 despiciendos
1447 1907 1596 1954 quidam

257 1979 405 2023 putant,
432 1976 471 2011 sz'
483 1973 663 2022 futurum
698 1976 758 2011 dez'
785 1976 960 2011 iudicium
993 1977 1273 2024 contemplentur
1308 1977 1478 2012 videbunt
1504 1977 1602 2024 quod

268 2046 345 2082 illic
368 2052 503 2093 semper
527 2046 655 2082 divites
679 2049 789 2082 erunt
810 2046 877 2082 ubi
894 2047 1022 2083 divites
1041 2048 1156 2083 seculi
1174 2048 1332 2095 egebunt,
1350 2048 1544 2094 pem'tentes
1563 2060 1597 2083 se

216 2129 254 2161 25
260 2122 441 2164 pauperes
467 2128 538 2152 non
549 2116 688 2164 suszse.
746 2115 874 2153 Nemo
899 2116 1025 2165 itaque
1054 2117 1208 2153 habebit
1236 2129 1401 2166 regnum
1426 2117 1597 2154 celorum

50 2189 147 2222 Matt.
163 2199 195 2222 v.
213 2198 243 2230 3.
273 2187 342 2223 nisi
362 2186 523 2223 finaliter
543 2186 717 2222 habuerit
738 2192 1004 2234 paupertatem
1027 2187 1192 2235 spiritus,
1211 2187 1258 2224 de
1279 2199 1355 2236 qua
1378 2187 1515 2223 Matth.
1537 2199 1569 2222 v.

325 2257 395 2294 Est
434 2257 545 2305 igitur
578 2256 703 2293 honor
737 2256 960 2293 tribuendus
993 2257 1228 2294 secularibus
1267 2258 1419 2295 alterius
1459 2257 1597 2306 speciei
1611 2266 1662 2291 we
1675 2266 1745 2291 have
1760 2266 1825 2291 thus

1580 2309 1587 2315 ·
1610 2300 1709 2324 settled
1723 2300 1770 2324 the
1783 2309 1863 2331 ques-

271 2339 388 2376 quam
426 2327 550 2363 honor
583 2338 699 2375 quem
734 2321 998 2363 sacerdotibus
1032 2327 1147 2364 Cristi
1185 2328 1397 2365 tribuimus.
1453 2327 1504 2364 Et
1543 2327 1878 2392 Sic{{,⁰e”ffjs}ggsshgss¹e¹“

269 2397 396 2435 honor
429 2396 616 2434 sensibilis
650 2396 688 2433 in
723 2407 800 2446 quo
841 2397 1086 2434 comunicant
1120 2404 1176 2436 est
1208 2399 1398 2447 copiosius
1430 2397 1596 2435 dominis
1611 2399 1791 2437 ¹0.¹<i¹¹g.⁵0‘

1610 2439 1709 2464 priests
1722 2441 1744 2457 is
1756 2438 1875 2464 greater,

217 2480 259 2511 30
272 2467 503 2505 secularibus
542 2478 659 2516 quarn
695 2466 957 2504 sacerdotibus
995 2468 1231 2505 tribuendus.
1290 2468 1431 2505 Honor
1469 2475 1594 2504 autem
1610 2465 1876 2497 bydsstingusshing

1611 2499 1657 2524 the
1673 2505 1727 2524 two
1742 2499 1823 2524 kinds
1836 2499 1868 2524 os

270 2538 337 2588 qui
368 2536 554 2575 sacerdoti
585 2544 641 2574 est
671 2537 847 2585 proprius
876 2544 933 2574 est
962 2549 1194 2587 quocunque
1224 2538 1389 2585 honore,
1400 2538 1597 2585 mundano
1611 2532 1729 2558 h0n0us·

271 2608 510 2658 prestantior.
567 2607 616 2644 Et
651 2607 704 2644 sic
743 2607 1006 2656 sophisticanti
1044 2614 1081 2645 et
1120 2608 1375 2646 consideranti
1415 2607 1520 2657 quod
1559 2608 1596 2643 in
1857 2600 1890 2665 ‘s'

272 2678 478 2728 generibus
516 2677 631 2714 latent
670 2678 990 2727 equivocaciones
1025 2678 1191 2727 placeret
1239 2678 1452 2716 concedere
1493 2678 1597 2727 quod
1834 2673 1855 2727 ss

274 2749 440 2797 dignitas
478 2748 615 2797 regalis
654 2748 700 2785 sit
738 2748 921 2797 dignitate
960 2748 1194 2797 episcopali²
1225 2748 1472 2798 prestancior,
1507 2748 1597 2796 quia

320 2834 326 2851 ¹
355 2839 586 2875 recognoscant
603 2839 666 2875 pro
681 2844 715 2865 se
731 2839 941 2875 cognoscant,
959 2843 991 2871 Α,
1012 2842 1042 2865 Β.
1090 2835 1165 2876 quia
1182 2840 1245 2876 pro
1269 2835 1336 2875 qui,
1354 2842 1389 2874 Α,
1408 2841 1436 2864 Β.
1483 2838 1514 2865 et
1533 2838 1598 2874 pro

275 2889 340 2925 aut,
358 2894 391 2916 A.
494 2885 506 2902 ²
529 2885 702 2926 temporali
713 2890 776 2927 pro
792 2885 983 2926 episcopali,
1004 2893 1032 2915 R.
