2018 3401
126 283 211 326 274
823 279 886 310 DE
919 276 1114 311 OFFICIO
1148 275 1308 309 REGIS.

403 385 518 424 debet
542 383 648 436 quod
678 384 771 422 deus
803 395 881 422 non
913 388 1038 432 potest
1068 382 1145 420 suis
1174 380 1350 425 deficere,
1382 376 1452 415 sed
1482 375 1630 414 iusticia
1660 386 1729 413 sua

403 456 558 507 requirit
589 454 695 506 quod
725 453 890 504 populus
914 452 1037 490 taliter
1070 451 1278 496 occidatur,
1299 447 1448 486 videtur
1478 445 1584 497 quod
1612 445 1734 484 iustus

404 527 444 564 in
482 525 676 564 voluntate
715 524 908 562 deiformis
947 523 1061 561 debet
1100 522 1148 560 de
1186 519 1421 559 execucione
1457 516 1604 555 iusticie
1642 527 1736 554 con-

405 597 573 647 gaudere
606 595 773 633 dolendo
805 594 852 632 de
887 605 1017 632 causa.
1073 591 1190 630 Unde
1222 589 1368 628 videtur
1397 586 1504 639 quod
1532 592 1738 637 peccatum

406 668 572 707 reddens
606 667 821 705 Cristianos
852 664 1038 703 inhabiles
1076 663 1123 701 sit
1157 673 1272 701 causa
1305 671 1424 710 quare
1457 659 1544 697 licet
1577 656 1771 698 seculari5

406 739 580 777 hostibus
600 734 807 776 violenter1
828 735 1017 774 resistere.
1077 733 1139 771 Sic
1168 732 1272 770 enirn
1298 734 1516 780 repugnant
1544 734 1740 778 serpentes

408 816 446 848 et
466 809 585 847 bestie
606 807 826 846 naturaliter
845 805 1002 856 quando
1023 816 1045 842 a
1065 802 1264 842 contrariis
1284 802 1529 851 impetuntur,
1551 799 1603 837 ita
1632 797 1740 848 quod

409 893 432 918 a
469 879 573 917 malo
611 879 760 917 videtur
799 876 905 928 quod
943 875 1115 914 officium
1153 873 1292 911 milicie
1331 872 1379 910 sit
1425 870 1664 908 meritorium
1703 872 1741 906 et

410 951 571 988 salubre.
627 950 679 987 Et
705 949 743 986 in
775 949 847 986 ista
876 947 1048 985 leccione
1075 944 1223 983 videtur
1256 942 1364 994 quod
1396 947 1549 992 oportet
1579 951 1740 979 omnem

411 1020 639 1059 salvandum
685 1018 1041 1069 quomodocunque
1079 1015 1254 1054 occisum
1292 1013 1351 1052 vel
1388 1018 1587 1050 mortuum
1624 1010 1741 1048 vitam
1758 1016 1798 1039 10

410 1093 524 1130 istam
547 1091 654 1129 finire
684 1090 852 1129 dicendo
874 1089 948 1127 deo
969 1087 1088 1124 ‘Fiat
1114 1086 1285 1124 voluntas
1311 1089 1376 1121 lua
1405 1090 1442 1121 et
1471 1082 1621 1120 dimitte
1649 1080 1742 1119 mihi
1756 1078 1856 1110 Matt.
1873 1077 1916 1109 vi.

411 1169 571 1213 peccata
601 1174 688 1199 mea
721 1160 828 1199 sicud
852 1166 889 1198 et
920 1170 994 1208 ego
1025 1157 1175 1195 dimitto
1206 1154 1435 1205 generaliter
1460 1153 1513 1191 eis
1533 1152 1601 1204 qui
1621 1152 1660 1189 in
1680 1164 1743 1190 me
1759 1131 1809 1154 ω’

412 1230 687 1283 peccaverant.'
746 1231 933 1270 Securum
963 1240 1055 1278 ergo
1086 1227 1184 1266 foret
1213 1225 1366 1264 fidelem
1398 1224 1610 1263 leccionem
1632 1223 1744 1260 istam

414 1316 504 1354 sepe
536 1310 704 1354 repetere
744 1314 862 1352 quam
893 1305 1046 1350 oportet
1085 1298 1132 1337 de
1174 1299 1400 1336 necessitate
1441 1294 1573 1333 salutis
1611 1305 1744 1344 quern-

134 1385 191 1411 But
205 1383 260 1410 this
275 1383 402 1410 doctrine
412 1374 504 1413 libet
522 1374 822 1425 predestinatum
841 1372 880 1409 in
901 1371 976 1409 fine
1005 1380 1254 1419 cognoscere.
1311 1366 1361 1404 Et
1380 1366 1451 1404 ista
1471 1365 1656 1410 doctrina,
1677 1376 1745 1414 per
1762 1377 1800 1410 15

134 1419 185 1444 has
198 1418 268 1443 been
287 1417 350 1442 abo-

132 1451 343 1512 llgsrssgglelgsffiffies
414 1457 532 1495 quam
563 1451 727 1483 mortem
758 1442 930 1493 corporis
955 1453 1026 1491 pro
1057 1440 1194 1477 timore
1223 1437 1357 1476 mortis
1386 1436 1515 1475 anime
1545 1442 1746 1484 contemp-

137 1519 230 1546 WOrld·
416 1522 547 1554 serunt
594 1514 770 1565 apostoli,
809 1512 952 1551 abolita
998 1517 1055 1549 est
1093 1515 1131 1548 et
1176 1507 1389 1559 specialiter
1427 1519 1450 1545 a
1487 1505 1631 1545 clericis
1678 1516 1747 1555 per

415 1587 631 1637 principem
651 1585 761 1623 huius
789 1583 934 1622 mundi.
991 1581 1096 1619 Nam
1116 1579 1165 1618 ad
1185 1577 1406 1617 bellandum
1435 1576 1577 1615 audent
1606 1587 1748 1614 consu-

416 1657 502 1704 lere,
539 1656 608 1694 sed
645 1656 842 1694 veritatem
882 1653 978 1703 legis
1012 1651 1072 1690 dei
1107 1647 1212 1697 sui,*
1245 1649 1371 1687 eciam
1418 1647 1532 1685 nullis
1577 1645 1747 1683 minimis
1759 1654 1807 1684 56
1824 1660 1857 1684 a.

415 1727 675 1772 iminentibus,
700 1738 781 1764 non
805 1725 931 1764 solum
961 1723 1094 1762 volunt
1125 1727 1358 1771 postponere
1391 1717 1459 1756 sed
1489 1716 1668 1756 cordatos
1696 1715 1745 1754 ad
1762 1731 1804 1754 20

417 1798 624 1836 dicendum
658 1797 759 1835 hanc
789 1797 990 1835 veritatem
1022 1791 1282 1842 multipliciter
1313 1790 1540 1840 inpugnare.
1597 1787 1647 1824 Et
1676 1786 1746 1824 hec
1759 1795 1803 1824 P.

416 1869 574 1907 indubie
595 1874 652 1906 est
672 1879 789 1906 causa
809 1878 927 1917 quare
954 1871 1106 1902 tantum
1134 1861 1291 1900 invaluit
1320 1860 1380 1898 lex
1410 1856 1604 1897 humana²
1623 1863 1660 1896 et
1680 1869 1748 1907 per

417 1950 660 1989 consequens
679 1943 884 1988 peccatum
903 1942 940 1974 et
959 1934 1138 1974 vecordia
1162 1933 1202 1971 in
1231 1942 1349 1970 causa
1377 1929 1438 1968 dei
1462 1941 1537 1980 que
1566 1928 1616 1967 ad
1644 1928 1749 1965 illam

419 2011 544 2060 legem
583 2009 845 2048 inevitabiliter
883 2011 1155 2046 consecuntur.
1226 2002 1346 2048 Patet,
1384 2001 1555 2051 inquam,
1594 1999 1749 2037 racione

420 2081 628 2131 multiplici,
658 2078 858 2131 quomodo
892 2089 1024 2116 sumus
1055 2073 1240 2113 vecordes
1277 2073 1317 2110 in
1351 2083 1465 2110 causa
1507 2070 1579 2116 dei,
1609 2068 1677 2107 sed
1709 2069 1749 2106 in
1764 2078 1803 2112 25

420 2164 536 2190 causa
562 2151 841 2201 temporalium,
863 2156 899 2188 et
918 2160 986 2198 per
1013 2155 1257 2195 consequens
1283 2143 1323 2180 in
1349 2153 1465 2181 causa
1495 2140 1637 2179 diaboli
1664 2139 1750 2177 licet

145 2238 172 2264 It
185 2236 273 2263 avaris
284 2235 402 2268 nothing
421 2223 585 2272 palliata,
611 2220 834 2273 iniquitate3
855 2218 998 2269 duplici
1029 2228 1161 2256 sumus
1186 2213 1406 2253 mirabiliter
1432 2211 1608 2251 animosi.
1666 2209 1751 2248 Nec

142 2270 397 2337 ἑῗὴῗιῗὲῗκῃῗηῗξὲἷὲἒ
425 2294 522 2332 valet
542 2293 650 2332 fucus
670 2304 748 2342 quo
769 2291 924 2341 fingitur
944 2288 1049 2339 quod
1069 2300 1140 2326 nos
1159 2286 1198 2323 in
1219 2297 1313 2335 pace
1340 2283 1498 2322 ecclesie
1517 2293 1598 2319 non
1619 2291 1752 2319 sumus

141 2345 173 2365 to
186 2340 233 2364 the
247 2344 367 2369 martyrs
426 2365 432 2373 ι

144 2374 200 2399 and
214 2373 377 2400 confessors,
424 2378 463 2402 1n
492 2370 591 2402 statu
625 2370 705 2401 tarn
725 2361 895 2412 perfecto
928 2366 969 2398 ut
1002 2364 1112 2397 erant
1144 2356 1329 2401 martires,
1364 2366 1436 2392 nec
1466 2354 1518 2391 ita
1548 2351 1686 2389 maturi
1715 2356 1753 2388 et

145 2416 186 2432 we
197 2406 270 2431 walk
284 2404 411 2436 securely

144 2438 411 2506 {Ziffisstissessihat
423 2434 589 2473 animosi
612 2441 653 2472 ut
685 2437 951 2471 successerant
982 2428 1236 2474 confessores,
1266 2425 1334 2464 sed
1364 2424 1595 2463 sufficienter
1620 2433 1751 2460 secure
1765 2427 1808 2460 30

146 2512 236 2533 arem
248 2506 282 2532 be
295 2505 389 2532 saved.
425 2505 637 2543 incedimus
657 2504 697 2541 in
717 2503 852 2541 semita
873 2499 1159 2540 salvandorum.
1218 2495 1366 2535 Revera
1396 2506 1468 2532 nos
1497 2493 1551 2531 sic
1580 2492 1753 2542 duplices

427 2577 590 2615 dicimus
610 2574 709 2612 Pax
730 2581 821 2623 pax
841 2577 874 2610 et
890 2584 961 2609 non
981 2575 1034 2608 est
1051 2576 1153 2619 pax,
1176 2579 1265 2606 cum
1285 2567 1323 2604 in
1346 2571 1389 2614 30
1408 2565 1520 2614 signo
1541 2563 1751 2608 deficimus,
1765 2566 1829 2608 Jer.
1846 2565 1889 2598 vi.
1908 2573 1957 2606 14.
2002 2612 2003 2617 1

426 2653 467 2684 ut
496 2644 599 2695 magi
628 2644 851 2689 Pharaonis,
881 2648 918 2680 et
955 2639 1045 2678 Non
1077 2643 1130 2677 est
1155 2645 1246 2688 pax
1280 2637 1403 2686 impiis
1435 2636 1527 2673 dicit
1555 2633 1752 2671 Dominus.
1766 2637 1810 2668 Is.
1826 2635 1926 2668 xlviii.
1966 2666 1970 2673 ,
2006 2659 2008 2667 ,

428 2717 523 2755 Ideo
544 2715 659 2755 credo
679 2715 795 2752 latam
819 2713 934 2751 hodie
948 2712 962 2732 ⁴¹
982 2723 1065 2750 esse
1085 2709 1186 2747 viam
1215 2720 1290 2759 que
1319 2706 1424 2744 ducit
1453 2705 1503 2743 ad
1532 2704 1696 2743 inferum
1717 2709 1754 2741 et
1769 2689 1819 2712 ²²·

471 2811 481 2830 ¹
505 2811 648 2843 violente
662 2815 727 2851 pro
742 2808 911 2847 violenter,
928 2815 958 2838 Β.
1060 2803 1072 2822 ²
1094 2803 1260 2835 mundana
1275 2807 1340 2844 pro
1354 2800 1506 2839 humana,
1526 2807 1556 2832 Β.
1656 2797 1668 2816 ³
1691 2797 1754 2829 ini-

428 2862 570 2904 quietate
586 2868 650 2904 pro
665 2861 846 2902 iniquitate,
864 2867 896 2892 Α.
986 2856 997 2875 ⁴
1020 2856 1122 2888 latam
1139 2855 1249 2895 hodie,
1266 2853 1334 2886 ord.
1353 2853 1423 2884 inv.
1442 2859 1471 2882 B.
