2018 3401
177 318 256 359 228
871 330 934 361 DE
968 330 1164 363 OFFICIO
1198 330 1354 363 REGIS.

453 434 564 471 candi
587 447 665 473 non
686 435 843 472 includit
865 435 1075 484 periculum
1094 436 1160 473 ubi
1191 434 1506 474 excomunicacio
1534 432 1747 483 improvida
1763 431 1780 451 *
1797 444 1842 476 47
1861 444 1895 473 b.

171 514 336 554 Adelayjn
350 524 396 554 qx-
454 505 572 542 officit
603 517 798 555 quaquam
837 518 998 542 versum.
1065 505 1179 544 Unde
1222 520 1269 553 24
1283 506 1294 526 ¹
1325 519 1362 556 q.
1402 506 1448 542 iii.
1493 505 1690 542 decretum
1729 503 1783 540 sic
1800 512 1929 544 Decret.
1947 519 1979 543 c.

171 556 405 575 communication
420 548 442 575 is
1799 563 1902 586 XXIV.
1916 556 1957 596 Q.

171 582 402 642 πὲιὶὲὶέςῑῖῗῑιῗιῖη-
455 575 644 624 loquitur:
679 575 797 614 ‘Cum
829 577 965 625 aliquis
993 578 1076 614 exz'l
1102 591 1125 614 a
1155 578 1317 622 veritate,
1345 590 1368 614 α
1397 577 1525 612 timore
1553 576 1620 620 dei,
1649 588 1672 611 a
1690 574 1844 629 fidenjii·
1862 609 1890 630 c·
1910 606 1938 639 7·

170 649 389 709 οῗὲῗξὲδηῖιειὴειη
454 659 478 682 a
498 648 665 692 caritate,
682 648 765 684 exit
783 648 823 683 (le
842 648 978 684 caslm‘s
997 649 1146 693 ecclesie,
1164 649 1234 684 etsi
1240 655 1312 696 per
1331 649 1488 696 episcopi
1499 658 1615 684 vocem
1637 646 1784 682 minime

320 703 326 710 ’
450 717 636 754 abiciatur
648 732 667 762 ,·
697 720 794 754 sicul
827 731 844 754 e
876 731 1056 763 converso,
1097 720 1235 768 aliquis
1267 732 1339 756 non
1378 724 1470 755 recto
1510 718 1645 756 iudicio
1662 717 1783 767 foras
1798 733 1815 765 5

450 789 619 833 mzi‘le'tur,
639 789 703 825 sed
723 789 762 825 εί
782 793 864 825 ante
884 801 955 825 non
975 790 1091 838 egerit
1115 794 1157 826 ul
1175 794 1332 826 merelur
1351 790 1468 835 exire,
1491 788 1609 825 nichil
1633 788 1777 824 ledc‘lur.

451 858 557 905 Quid
587 859 702 909 igitur
736 860 889 897 obesset
924 860 1122 898 hominem
1154 873 1233 898 non
1263 860 1552 898 excomunicari
1581 871 1650 908 per
1679 858 1778 908 epis-

451 942 595 979 copum
625 936 713 968 ante
741 930 1023 980 probacionem
1058 943 1174 968 cause
1210 938 1299 968 ante
1335 931 1528 980 synodum
1567 937 1603 967 et
1641 929 1779 978 parlia-

451 1008 626 1039 mentum
647 1013 737 1039 cum
758 1002 833 1039 vita
859 1014 927 1040 sua
954 1001 1120 1039 ostendit
1140 1002 1360 1040 evidencius
1380 1002 1507 1051 ipsum
1528 1013 1610 1038 esse
1631 1000 1777 1037 malum

451 1084 474 1109 a
502 1072 649 1121 populo
681 1071 934 1122 fugiendum?
992 1072 1038 1109 In
1073 1073 1441 1110 excomunicacione
1476 1083 1566 1109 vero
1600 1071 1779 1120 precipite
1799 1084 1839 1106 10

450 1143 640 1192 contingit
660 1156 782 1193 regno
798 1144 920 1182 maius
936 1144 1161 1193 periculum.
1213 1144 1328 1181 Unde
1349 1143 1486 1180 eadem
1507 1143 1708 1193 questione
1730 1142 1783 1179 sic

451 1214 627 1251 scribitur
642 1227 651 1260 ;
681 1214 771 1252 Non
803 1216 841 1252 z'n
866 1220 1082 1264 perpetuum
1115 1217 1376 1264 dampnamur,
1409 1228 1490 1251 cum
1523 1215 1653 1250 z'nz'usle
1686 1213 1781 1250 iudi·
1797 1221 1882 1253 Ibid.
1899 1232 1925 1254 e.
1947 1230 1976 1261 5.

450 1297 593 1330 camur,
615 1286 748 1322 dl'cenle
764 1287 964 1335 psalmz'sla
978 1301 994 1331 ;
1026 1289 1035 1306 ‘
1049 1286 1129 1324 Nec
1154 1286 1370 1335 dampnabit
1394 1286 1510 1330 illum,
1532 1298 1612 1322 cum
1640 1286 1781 1322 iudica-

451 1356 552 1392 bz'lur
594 1354 646 1392 e2'.'
704 1355 832 1393 Alulte‘
867 1357 1092 1394 sacerdotum
1134 1358 1279 1406 culpam
1318 1358 1390 1394 zelo
1403 1354 1417 1375 ²
1454 1357 1514 1393 dez·
1539 1357 1715 1404 persequi
1747 1369 1782 1393 se

442 1426 699 1475 profilenlur;
730 1428 800 1471 sed,
821 1428 906 1464 dum
937 1429 1128 1465 indiscrete
1155 1429 1221 1464 [κοί
1249 1428 1389 1477 agitur,
1413 1428 1609 1476 sacrilegii
1616 1428 1783 1476 facinus
1799 1439 1837 1470 15

452 1498 654 1534 incurrunt
677 1502 711 1534 el
736 1498 822 1534 dum
838 1500 1035 1547 precipites
1055 1500 1169 1547 quasi
1183 1500 1236 1535 ad
1250 1499 1511 1535 emendandum
1534 1503 1660 1544 ruunt,
1681 1498 1778 1546 τ’]λτί3

451 1580 588 1617 quoque
614 1569 725 1605 multo
754 1570 876 1618 magis
906 1570 1061 1606 delcrc'us
1091 1570 1238 1606 cadunt.
1294 1569 1356 1606 Ex
1386 1569 1466 1606 istis
1498 1569 1645 1606 videtur
1675 1568 1780 1618 quod

450 1638 630 1687 possibile
652 1639 698 1676 sit
719 1640 1081 1677 excomunicantem
1103 1652 1150 1677 ex
1168 1640 1182 1659 4
1202 1640 1425 1688 ignorancia
1446 1640 1533 1677 artis
1553 1639 1780 1677 excomuni-

451 1708 564 1746 candi
594 1721 634 1746 se
664 1709 792 1759 ipsum
821 1710 985 1755 inficere,
1008 1717 1044 1748 et
1074 1711 1127 1748 sic
1157 1710 1355 1748 maculare
1385 1721 1498 1747 suum
1527 1710 1781 1747 ministerium

451 1779 490 1815 in
525 1779 764 1818 conferendo
794 1781 1029 1830 episcopalia
1060 1787 1313 1827 sacramenta,
1344 1793 1433 1818 cum
1467 1780 1782 1818 excomunicatus
1798 1789 1838 1812 20

452 1850 498 1887 sit
536 1857 630 1899 aput
669 1850 786 1887 deum
819 1850 1013 1888 infinitum
1048 1852 1201 1901 gravius
1233 1863 1350 1901 quam
1385 1852 1431 1889 sit
1465 1850 1781 1888 excomunicacio

451 1919 634 1958 humana.
692 1919 743 1957 Et
771 1921 928 1970 insuper
967 1934 1033 1958 rex
1063 1922 1300 1960 auctorisans
1329 1933 1471 1971 penam
1501 1921 1782 1959 excomunicati

452 1990 601 2038 iniuste,
624 1991 722 2028 sicut
741 1992 914 2029 minister
933 1992 1058 2041 ipsam
1078 1993 1297 2042 exequens5
1319 1992 1386 2030 sed
1407 1999 1442 2029 et
1463 1998 1587 2029 totum
1618 2003 1780 2041 regnum

451 2061 618 2098 tacendo
649 2062 914 2108 consenciens,
940 2062 1087 2100 fedatur
1117 2063 1251 2100 eadem
1282 2063 1441 2108 macula,
1469 2069 1506 2100 et
1536 2063 1588 2100 sic
1618 2063 1683 2099 ubi
1713 2075 1779 2100 rex

451 2131 678 2180 gloriaretur
703 2133 741 2169 in
769 2132 955 2182 regimine
979 2132 997 2152 *
1019 2134 1096 2171 veri
1124 2134 1255 2183 populi
1283 2134 1430 2182 copiosi
1461 2133 1578 2171 habet
1613 2144 1779 2182 paucum
1797 2146 1952 2177 F01.167

451 2202 640 2251 populum
664 2203 725 2240 dei
752 2204 824 2241 sub
855 2216 925 2242 suo
953 2205 1138 2254 regimine
1165 2211 1201 2242 et
1226 2204 1376 2253 plurem
1403 2211 1570 2241 turmam
1601 2204 1782 2253 principis

450 2275 695 2311 tenebrarum
716 2287 763 2312 ex
784 2275 926 2313 ducatu
946 2275 1124 2324 luporum
1151 2275 1357 2324 rapacium.
1415 2275 1477 2311 Ad
1507 2287 1636 2323 regem
1656 2275 1783 2324 itaque

172 2349 248 2376 Ona
268 2347 439 2375 declaration
453 2344 614 2393 pertinet
644 2344 691 2381 de
720 2345 858 2382 talibus
887 2345 1064 2394 periculis
1093 2357 1306 2394 precavere.
1364 2345 1572 2382 Declarato
1603 2345 1714 2394 igitur
1744 2345 1782 2381 in
1797 2347 1844 2377 N-

172 2383 210 2415 by
224 2382 395 2408 Parliament

171 2416 288 2454 aF‘ssthe
302 2415 408 2447 Sy¹¹0d›
453 2415 668 2453 coniunctis
699 2415 953 2464 parliamento
983 2423 1020 2454 et
1048 2416 1197 2465 synodo
1222 2416 1328 2465 quod
1353 2428 1584 2465 quecunque
1604 2427 1782 2464 persona,

172 2455 270 2481 sitting
283 2449 421 2481 together,

173 2482 418 2547 ssflssffissssssffzs
453 2494 489 2523 et
524 2486 706 2535 precipue
738 2493 870 2535 pastor
904 2487 1003 2532 cleri,
1040 2487 1087 2524 sit
1119 2487 1414 2524 excomunicata
1447 2487 1660 2535 specialiter
1690 2492 1782 2535 aput
1796 2489 1837 2520 30

172 2537 423 2579 excommunicate,

173 2582 268 2614 fitting
280 2582 393 2614 punish-

171 2616 364 2675 Ξῇξξνῗὴοωό
455 2627 724 2676 porcionaliter
762 2627 810 2664 ad
852 2627 1018 2676 culpam,
1059 2628 1228 2665 celeriter
1266 2628 1554 2676 apponendum,
1596 2634 1636 2664 ut
1675 2626 1781 2677 (cum

455 2556 582 2601 deum,
604 2564 661 2593 est
695 2557 906 2594 remedium
936 2557 1085 2606 penalis
1115 2557 1371 2595 correccionis
1400 2569 1467 2606 per
1496 2569 1671 2606 regnum,
1691 2570 1781 2606 pro-

454 2698 581 2736 omnis
620 2698 704 2735 talis
738 2697 786 2735 de
821 2697 923 2736 facto
963 2699 1037 2735 sit⁶
1072 2697 1276 2748 hereticus)
1308 2698 1462 2746 punicio
1500 2710 1617 2747 quam
1651 2698 1782 2735 laudat

453 2769 693 2818 Augustinus
722 2781 781 2820 ep:
805 2781 852 2817 32
879 2768 928 2806 ad
954 2768 1210 2815 Bonifacium,
1232 2780 1309 2817 qua
1330 2767 1578 2806 Theodosius
1601 2768 1780 2818 peccuni-
1794 2769 1959 2854 ἓὲςξεὲἰὲ

498 2865 508 2884 ¹
536 2875 583 2905 23,
602 2873 636 2897 Α.
740 2864 752 2882 ²
776 2865 858 2903 celo,
875 2873 908 2897 Α.
1014 2865 1026 2883 ³
1050 2866 1135 2906 ipso,
1150 2873 1184 2896 A.
1289 2864 1300 2882 ‘²
1324 2876 1374 2903 ex,
1390 2876 1450 2897 om.
1470 2874 1501 2896 Α.
1608 2865 1618 2882 ⁵
1643 2864 1780 2895 ministri

454 2918 557 2959 ipsam
576 2923 777 2959 exequentes,
796 2925 827 2949 Α.
944 2917 955 2935 ⁶
981 2917 1021 2948 sit
1041 2917 1082 2948 de
1098 2917 1196 2955 facto,
1212 2916 1278 2948 ord.
1299 2917 1367 2948 inv.
1388 2925 1416 2948 Β.
