2018 3401
142 339 196 393 98
837 350 899 381 DE
932 350 1130 383 OFF1c10
1164 350 1318 383 REGIS.

419 467 538 503 regno
555 454 667 492 Cristi
687 454 829 504 religio,
846 454 1171 504 depauperaretur
1187 468 1350 505 regnum
1372 456 1409 493 in
1426 456 1748 506 multiplicaeione

141 519 292 545 Mffiem'e‘
305 519 373 552 ‘¹¹⁶³'
419 526 640 563 diviciarum
661 532 698 563 et
719 525 864 575 populo
885 524 1089 573 diminuto,
1109 533 1156 574 et,
1175 527 1279 577 quod
1299 528 1385 577 plus
1405 533 1473 573 est,
1490 527 1747 566 elemosinarii

141 561 298 585 encourage
312 552 356 578 his

139 586 275 612 almsmen
289 592 317 612 to
331 586 398 612 such

138 628 156 644 a
174 620 298 652 phrenzy
310 620 342 646 of

139 652 312 685 ingratitude
325 654 380 679 and

139 686 282 717 rebelliom
298 687 359 712 that
417 668 562 712 ditorie‚
584 674 684 704 recte
705 667 930 705 obediencie
955 667 1076 705 fracto
1105 668 1224 707 freno.
1286 668 1347 707 Sic
1371 669 1476 720 quod
1497 669 1590 706 illud
1610 669 1748 718 psalmi

139 720 208 752 they
221 721 342 746 contend
637 739 643 745 .
693 738 699 744 .
945 738 952 745 .
1078 739 1085 746 .
1337 741 1342 747 .

139 754 200 779 that
214 754 281 786 only
295 754 343 779 the
417 738 701 787 quadragesiml
721 744 852 787 posset
874 750 954 787 regi
984 747 1229 788 contmgere:
1265 739 1336 786 Qut
1365 741 1490 778 edebat
1507 747 1626 789 panes
1655 753 1748 777 meos
1763 746 1814 778 Ps.
1830 746 1874 778 xl.
1894 755 1942 778 10.

138 796 211 819 pope
224 796 255 813 or
263 787 310 813 the
546 810 551 816 .
661 811 666 816 .
1152 811 1158 817 .
1509 813 1514 819 .

138 821 362 887 {gsssflgssttffissff
418 810 679 860 magmficaz’zl
704 816 814 858 super
837 822 891 846 me
918 811 1266 859 supplanlaczonem.
1324 811 1427 849 Nam
1452 811 1609 861 quidam
1629 812 1749 848 abbas

139 887 381 948 ξέὲῑιέξζῇἓῖἒῗεε
417 880 464 918 de
486 880 679 927 Cartesii¹,
698 881 795 918 inter
816 880 888 917 alia
905 881 1116 929 sanguinea
1129 878 1142 900 ²
1162 888 1389 931 argumenta
1406 895 1481 932 que
1497 882 1748 932 multiplicat³

139 954 286 988 Chertsey·
419 958 553 989 contra
591 952 829 989 sentenciam
868 964 986 1001 quam
1025 952 1115 1000 dixi,
1157 953 1195 990 in
1235 954 1306 991 ista
1349 954 1510 992 materia
1548 954 1671 1003 arguit
1709 953 1748 990 in

419 597 569 646 ingrate
603 597 844 645 insurgerent
878 596 918 633 in
947 609 1080 645 regem
1109 604 1146 634 et
1175 610 1338 647 regnum
1377 598 1618 636 destruerent
1656 610 1744 648 pro-

419 1022 591 1060 secundo
625 1029 855 1071 argumento
889 1034 960 1060 suo
995 1023 1100 1072 quod
1133 1024 1238 1062 solus
1273 1037 1447 1062 summus
1482 1024 1656 1075 pontifex
1690 1024 1748 1062 vel

419 1094 555 1131 saltem
592 1094 804 1143 presbyteri
852 1101 940 1131 sunt
980 1095 1125 1132 domini
1173 1096 1443 1145 temporalium
1481 1096 1540 1134 vel
1588 1103 1748 1145 possunt
1766 1107 1806 1130 10

417 1165 591 1204 conferre
640 1165 877 1214 temporalia,
918 1178 966 1204 eo
1015 1166 1120 1216 quod
1169 1167 1220 1204 illi
1259 1167 1330 1204 soli
1369 1174 1531 1217 possunt
1574 1167 1749 1205 conferre

416 1238 600 1286 graciam,
622 1241 665 1274 ul
682 1242 797 1286 patet,
819 1237 953 1287 inquit,
974 1251 1024 1275 ex
1042 1239 1133 1288 fide.
1192 1237 1276 1276 Nec
1306 1239 1419 1276 debet
1449 1239 1615 1288 supponi
1644 1239 1750 1288 quod

416 1316 495 1346 tam
517 1309 703 1346 discretus
723 1309 868 1354 Abbas,
898 1321 1086 1359 suspenso
1112 1310 1321 1359 plangendi
1350 1316 1387 1347 et
1417 1310 1555 1347 orandi
1584 1310 1709 1348 officio
1724 1310 1750 1354 ⁴,

415 1392 462 1417 ex
494 1386 599 1416 tanta
630 1380 911 1417 deliberacione
951 1381 1117 1418 mitteret
1148 1381 1260 1418 istam
1292 1381 1489 1418 racionem
1525 1380 1749 1418 solvendam

416 1450 581 1497 Oxouie,
610 1449 627 1469 ³²

669 1451 742 1488 nisi
790 1451 963 1489 crederet
1011 1452 1137 1500 ipsam
1177 1452 1215 1488 in
1255 1452 1416 1489 materia
1455 1464 1535 1489 non
1575 1464 1747 1501 peccare.
1762 1461 1967 1492 FoL131b.

416 1522 553 1559 Posset
584 1523 687 1559 enim
721 1523 848 1560 minus
883 1523 1092 1572 irreligiose
1124 1530 1339 1572 temperare
1374 1535 1466 1561 suos
1505 1523 1677 1561 novicios
1710 1523 1749 1560 in

415 1593 571 1642 argucia
592 1606 708 1643 quam
730 1594 901 1631 crederet
922 1594 1083 1632 deficere
1104 1594 1143 1630 in
1164 1595 1324 1631 materia
1344 1594 1402 1631 vel
1426 1594 1466 1631 in
1485 1594 1610 1632 forma
1630 1606 1749 1643 quam

137 1678 213 1717 such
226 1687 243 1704 a
256 1682 392 1738 ςῗέιὲῃ-(Ῐ
414 1671 493 1701 tam
514 1665 697 1702 distanter
716 1665 1000 1714 preconisando
1016 1677 1127 1703 suam
1145 1665 1358 1702 stulticiam.
1409 1664 1484 1702 Sed
1502 1665 1748 1715 magnificata
1763 1672 1806 1703 G.

137 1719 195 1738 tlon
209 1722 271 1738 WOU
337 1721 372 1738 an

137 1747 184 1772 the
198 1746 288 1772 whole
414 1735 484 1772 ista
514 1735 716 1773 demencia
745 1735 1081 1785 supplantarentur
1110 1748 1220 1785 reges
1241 1743 1277 1773 et
1299 1736 1445 1774 domini
1474 1737 1706 1786 temporales
1727 1749 1750 1774 a

135 1785 334 1846 fiiffitrsssssff
347 1785 376 1808 ω
414 1818 484 1843 suo
502 1806 674 1843 dominio
688 1806 712 1853 ⁵,
732 1819 821 1844 cum
842 1806 966 1844 solum
987 1806 1206 1844 sacerdotes
1228 1807 1353 1845 forent
1373 1807 1519 1844 domini
1541 1819 1748 1856 regnorum
1765 1828 1806 1851 20

415 1883 451 1913 et
483 1876 674 1913 seculares
709 1876 857 1913 domini
891 1876 1016 1914 forent
1047 1876 1150 1914 nude
1189 1889 1323 1914 eorum
1357 1876 1490 1914 famuli
1519 1877 1578 1915 vel
1606 1877 1749 1915 vasalli.

416 1946 507 1983 Non
545 1945 562 1965 *
598 1947 650 1984 sic
686 1947 798 1985 sentit
834 1953 967 1985 auctor
997 1948 1192 1997 scripture,
1223 1960 1313 1985 cum
1349 1948 1386 1984 1³1
1422 1948 1635 1998 Thymoth.
1668 1949 1808 1986 60.⁶22
1825 1957 1856 1998 3³⁴-
1905 1992 1911 1998 ,

415 2017 627 2066 Apostolus
664 2019 832 2068 precepit
864 2031 994 2057 servos
1027 2019 1236 2057 Cristianos
1268 2019 1423 2056 obedire
1452 2018 1620 2057 dominis
1662 1991 1967 2065 suis,¹T¹m'v¹'¹'

137 2103 250 2129 Letthe
264 2103 358 2128 Abbot
414 2088 535 2125 eciam
570 2089 798 2136 infidelibus,
829 2102 877 2128 ne
917 2102 1061 2128 nomen
1106 2090 1254 2128 domini
1296 2091 1553 2129 blasfemetur.
1610 2090 1751 2128 Videat

135 2137 187 2162 ask
201 2137 228 2163 S.
246 2137 370 2162 Bernasd
1654 2163 1660 2169 .
1739 2163 1747 2177 ‚

135 2171 403 2230 wlgretaegffiibove
415 2160 535 2197 abbas
549 2161 705 2197 beatum
719 2160 986 2198 Bernhardum
1002 2161 1242 2199 monachum
1259 2161 1338 2199 ‘Ad
1355 2174 1494 2212 papam
1511 2162 1730 2212 Eugemum
1761 2160 1966 2236 ‘Sblgegnoagsqz

134 2213 391 2297 {lkffigiegggrhold
415 2232 445 2268 si
476 2231 587 2269 liceat
617 2231 767 2278 clerico,
799 2238 836 2269 et
865 2232 1078 2281 specialiter
1107 2232 1315 2279 monacho,
1337 2233 1537 2282 adquirere
1567 2233 1637 2271 sibi
1668 2239 1746 2270 tam
1762 2247 1951 2280 derationess

134 2305 386 2370 {grigsvsstsecular
414 2302 587 2351 amplum
609 2302 777 2339 seculare
804 2303 1018 2341 dominium
1049 2316 1118 2353 per
1144 2303 1219 2341 hoc
1249 2303 1479 2341 blasfemum
1500 2304 1747 2342 mendacium

414 2372 519 2422 quod
540 2373 644 2410 solus
665 2373 845 2411 sacerdos
865 2373 981 2411 habet
1001 2380 1229 2424 potestatem
1250 2375 1420 2425 graciam
1441 2374 1673 2412 conferendi.

132 2437 400 2501 ἓξξξζζῇῗξξὶζῗῑοῐῑ
468 2442 607 2480 Tercio
642 2444 898 2492 principaliter
931 2451 1064 2482 contra
1100 2445 1200 2483 dicta
1237 2446 1407 2494 arguitur
1438 2458 1505 2494 per
1534 2445 1609 2484 hoc
1641 2445 1747 2495 quod

135 2514 170 2531 on
183 2514 234 2530 our
244 2505 371 2537 showing

134 2539 182 2564 the
196 2539 286 2564 whole
300 2539 379 2571 king-

133 2572 379 2637 ξξζῑζζῖᾞξξη
414 2591 491 2621 tam
541 2585 755 2622 monachus
796 2585 855 2623 vel
896 2586 992 2624 alius
1043 2587 1201 2624 clericus
1247 2594 1396 2625 tenetur
1443 2600 1514 2626 suo
1562 2590 1746 2638 spirituali

133 2639 386 2710 ῗξῗέξζξέζξοηι(
413 2655 619 2704 preposito,
653 2662 693 2692 ut
725 2656 910 2705 episcopo
940 2657 998 2694 vel
1032 2658 1176 2703 abbati,
1207 2658 1312 2707 quod
1338 2658 1487 2696 videtur
1518 2659 1745 2709 impugnare

134 2706 361 2798 Ξὲἒέξῇῗῖῗιὲιῗὲι
414 2728 641 2777 religionem
675 2728 803 2766 Cristi.
863 2729 940 2766 Hic
976 2735 1129 2778 oportet
1159 2730 1285 2779 primo
1315 2742 1536 2781 supponere
1566 2731 1666 2769 dicta
1695 2731 1744 2768 de

168 2782 183 2798 ὃ
243 2782 265 2798 ls
279 2783 301 2799 ls

134 2806 372 2872 ffissgzsgfughffit
413 2798 640 2836 obediencia
665 2806 701 2836 et
722 2799 906 2849 religione
937 2800 1095 2849 privata.
1155 2799 1333 2839 Secundo
1363 2808 1516 2851 oportet
1547 2802 1740 2840 racionem

414 2514 560 2551 videtur
591 2520 715 2551 totum
745 2527 908 2563 regnum
941 2522 1088 2553 tantam
1119 2517 1385 2554 obedienciam
1415 2529 1486 2554 suo
1514 2517 1594 2567 regi
1623 2530 1745 2567 quan—
1759 2529 1800 2561 30

455 2901 463 2918 ¹
487 2901 528 2932 de
557 2902 782 2940 cartusiensis,
815 2903 917 2942 Text3
948 2903 1125 2944 Carthesey
1149 2904 1186 2934 in
1210 2914 1313 2945 matg:
1340 2912 1370 2935 Β.
1507 2904 1519 2921 ²
1541 2905 1681 2946 saginea,
1706 2913 1741 2936 Α.

412 2953 422 2970 ³
447 2953 679 2995 multiplicavit
711 2963 739 2985 Β.
831 2955 842 2972 ⁴
866 2954 1032 2994 beneficio,
1052 2964 1080 2989 B.
1171 2957 1182 2973 ⁵
1204 2956 1348 2993 domino,
1368 2965 1401 2988 Α.
1492 2958 1504 2974 ⁵
1527 2968 1545 2988 v
1561 2962 1626 3000 pro
1641 2957 1688 2996 60,
1705 2967 1738 2989 Α.
