2018 3401
102 268 157 311 30
800 270 862 301 DE
895 269 1093 304 OFFICIO
1128 270 1282 302 REGIS.

381 372 495 409 robur
528 386 634 410 cause
650 376 812 422 pertinet
821 389 838 419 ,·
869 380 960 412 certe
984 380 1132 412 sanctus
1166 375 1349 412 Iohannes
1375 377 1610 414 sanctimonie
1617 376 1711 426 fuit

100 451 332 512 gffnsslgggvcselg
379 450 506 492 custos,
528 446 796 494 condiscipulus
813 452 930 484 autem
949 449 1035 493 eius,
1055 453 1204 485 sanctus
1216 451 1356 496 petrus,
1377 461 1533 486 uxorem
1553 453 1587 485 et
1599 450 1708 499 filios

101 519 326 585 {affigegretssago
379 517 572 556 ha*buzsse
595 523 835 568 cognoscitur,
861 521 972 557 eciam
995 522 1203 568 primatum
1225 526 1266 558 ut
1290 523 1467 569 acciperet
1491 522 1584 557 inter
1604 520 1706 569 Apo·
1722 527 1802 558 1¹01.
1820 527 1882 557 113
1894 535 1927 557 a.

100 586 224 612 obstacle
237 592 266 612 to
280 586 360 614 merit

100 619 185 648 much
199 620 255 647 less
267 630 284 647 a
297 620 348 647 sin.
381 591 486 627 stolos
504 603 574 627 non
595 592 631 627 ei
645 592 782 628 obstitit
794 593 988 640 generacio
996 592 1172 641 filiorum
1185 605 1204 635 ;
1225 593 1394 641 quomodo
1409 605 1500 641 ergo
1519 592 1705 640 condemp-

379 662 541 698 nandum
564 667 723 710 putatur
751 663 848 711 quod
872 675 942 699 non
973 664 1121 712 empedit
1146 665 1325 700 meritum.
1384 664 1489 701 Hinc
1512 664 1709 712 Apostolus
1725 674 1742 706 5

378 745 456 769 eum
482 734 549 780 qm·
565 746 719 771 uxorem
741 734 879 779 habeat,
897 735 989 770 siin
1010 736 1134 771 ceterzs
1152 739 1269 771 servet
1287 736 1474 779 mandata,
1495 735 1709 772 sacerdotem

367 803 466 852 fieri
478 810 584 852 posse
603 817 647 841 ac
666 805 785 842 debere
810 805 967 841 ostendit.
1024 804 1074 841 Et
1101 806 1268 854 sequitur
1288 806 1484 855 expressio
1506 806 1644 843 erroris
1670 805 1708 841 in

379 873 518 912 clerico
539 887 656 924 quem
685 875 899 913 laudamus.
955 875 1039 921 Est,
1063 875 1196 925 inquit,
1217 877 1314 924 quod
1330 878 1474 913 omnino
1488 878 1712 924 generaliter

379 946 545 982 omnibus
564 959 634 982 non
655 947 737 983 licet
749 960 768 990 ,·
798 951 850 983 est
867 947 957 983 idem
978 947 1075 995 quod
1090 948 1178 984 aliis
1197 948 1280 984 licet
1296 952 1329 984 et
1345 949 1433 985 aliis
1451 961 1522 985 non
1543 949 1649 992 licet,·
1679 952 1714 985 et

378 1021 431 1053 est
456 1017 554 1064 quod
577 1017 774 1065 aliquando
790 1016 802 1037 ¹
829 1018 919 1064 licet,
948 1018 1148 1066 aliquando
1174 1031 1257 1055 vero
1282 1031 1354 1056 non
1386 1020 1475 1056 licet.
1531 1019 1581 1056 Et
1601 1019 1711 1068 ponit
1727 1032 1768 1054 10

378 1087 514 1136 triplex
545 1088 767 1136 exemplum
798 1087 909 1125 huius
941 1088 1136 1126 divisionis
1167 1089 1410 1136 trimembris,
1437 1090 1496 1127 et²
1509 1091 1717 1140 fornicari

379 1159 543 1196 omnibus
567 1166 701 1207 semper
726 1172 797 1195 non
823 1160 906 1196 licet
915 1173 934 1203 ‚⁰
964 1161 1156 1209 negociari
1179 1173 1262 1197 vero
1291 1161 1489 1209 aliquando
1517 1174 1589 1198 non
1619 1162 1709 1207 licet,

378 1234 412 1266 et
428 1230 627 1278 aliquando
647 1231 735 1267 licet.
793 1230 1001 1278 Antequam
1023 1243 1108 1267 vero
1129 1233 1211 1279 quis
1230 1233 1490 1269 ecclesiasticus
1508 1232 1565 1281 fit
1581 1232 1663 1269 licet
1679 1232 1715 1268 ei

379 1302 575 1349 negociari,
591 1302 704 1351 sacto
734 1302 808 1338 iam
838 1314 910 1338 non
939 1303 1027 1338 licet.
1077 1301 1134 1338 Et
1160 1315 1239 1339 cum
1270 1315 1390 1340 uxore
1417 1315 1486 1339 sua
1509 1303 1710 1352 aliquando

379 1373 567 1409 convenire
587 1372 675 1417 licet,
702 1373 902 1421 aliquando
930 1386 1014 1410 vero
1043 1386 1114 1409 non
1143 1374 1225 1410 licet
1236 1387 1255 1417 ‚⁰
1285 1378 1327 1410 ut
1353 1375 1391 1410 in
1422 1374 1543 1411 diebus
1562 1380 1710 1422 proces-
1727 1385 1766 1418 15

379 1445 494 1480 sionis
511 1444 699 1480 convenire
718 1448 769 1480 est
788 1444 971 1482 illicitum.
1030 1443 1300 1494 Quandoque⁸
1329 1452 1385 1482 est
1405 1445 1528 1482 eciam
1555 1457 1577 1482 a
1601 1445 1712 1482 licitis

101 1507 166 1533 And
179 1506 271 1533 shows
284 1506 344 1533 also

101 1540 163 1566 that
177 1541 255 1579 there
268 1550 315 1566 are

101 1575 325 1640 ἷὲῗζῑςζῑῐῗζὲῗζγ
381 1592 416 1623 et
440 1586 563 1622 maior
593 1585 791 1623 mundicia
822 1586 904 1623 eius
939 1586 1144 1623 ministris:
1177 1586 1228 1624 Si
1254 1599 1340 1636 ergo
1372 1600 1443 1624 non
1473 1587 1593 1624 omne*
1617 1588 1716 1636 quod
1723 1589 1753 1618 1-

102 1650 174 1673 men,
188 1641 280 1667 which
293 1650 340 1667 are
394 1658 399 1664 .
672 1658 678 1664 -
1168 1659 1174 1665 .
1545 1660 1551 1666 .
1603 1661 1608 1666 .
1711 1660 1717 1667 .

101 1675 292 1701 unlawsulsor
381 1662 476 1694 mter
494 1661 625 1693 ceteros
644 1657 727 1693 ltcet
751 1661 834 1693 ante
854 1656 1113 1706 Imperatorem
1141 1659 1255 1703 liceat,
1278 1663 1413 1707 quanto
1443 1671 1565 1707 magis
1591 1672 1630 1695 m
1657 1659 1711 1695 dez

100 1708 208 1741 priests,
222 1718 253 1734 or
265 1717 335 1734 even
484 1729 490 1735 .
857 1729 864 1736 .
908 1730 914 1735 .
1035 1730 1040 1736 .
1194 1731 1200 1737 .
1427 1730 1433 1737 .

99 1742 320 1801 ῖεὲὲζὲεέδῐζίἓι
381 1741 503 1764 causzs
522 1741 566 1764 ac
584 1734 652 1776 per
677 1729 742 1764 hoc
762 1728 975 1765 Antzstztem
1005 1742 1081 1765 elus
1099 1735 1291 1777 puriorem
1322 1734 1448 1767 ceterzs
1472 1742 1543 1766 esse
1567 1733 1710 1778 oportet.
1727 1738 1769 1761 20

197 1795 203 1806 9

101 1809 242 1868 msspisssess
255 1810 287 1835 of
295 1809 367 1868 (cimil,
382 1798 507 1846 Ipsius
525 1800 618 1835 enim
639 1806 833 1847 personam
858 1799 987 1836 habere
1013 1800 1168 1845 videtur,
1188 1800 1277 1848 quia
1298 1813 1429 1837 necesse
1447 1800 1553 1837 habet
1572 1800 1713 1837 cottidie

101 1849 306 1935 Ξῑοὲῖτῖἷξῗὲῤ
317 1852 367 1902 32.
384 1868 510 1907 Cristi
524 1871 633 1906 vicem
653 1883 770 1918 agere,
794 1875 862 1906 aut
879 1881 987 1907 orare
1000 1877 1071 1918 pro
1079 1871 1237 1919 populo⁵
1257 1876 1324 1907 aut
1341 1871 1470 1921 offerre
1488 1876 1556 1907 aut
1565 1884 1709 1920 ungere.

121 1918 127 1926 '
147 1919 160 1936 Γ
203 1919 274 1935 lneSs
288 1919 311 1936 IS

102 1943 272 1970 demanded·
380 1939 462 1977 lVec
480 1942 594 1977 solum
610 1941 697 1978 huic
716 1954 787 1977 non
807 1942 891 1978 licet
907 1942 1036 1978 laicale
1054 1941 1209 1991 officium
1230 1942 1294 1978 sed
1308 1955 1416 1989 neque
1436 1943 1606 1979 ministro
1623 1944 1709 1988 eius,

379 1513 647 1552 abstinendum
663 1527 670 1551 :
704 1514 803 1551 Cum
818 1515 920 1551 enim
937 1515 1058 1552 maior
1074 1516 1291 1553 reverencia
1307 1515 1489 1553 debeatur
1505 1516 1565 1554 dei
1586 1516 1711 1553 causis

380 2012 448 2060 qui
474 2012 570 2048 debet
596 2025 666 2049 esse
695 2014 818 2049 ceteris
842 2013 991 2060 purior,
1017 2014 1105 2061 quia
1136 2017 1264 2049 sancta
1295 2017 1383 2049 sunt
1412 2025 1478 2061 que
1510 2014 1709 2050 ministrat.

380 2082 430 2119 Et
461 2083 571 2131 ponit
603 2083 825 2132 exemplum
856 2082 1106 2132 quadruplex,
1138 2095 1205 2132 per
1236 2083 1342 2133 quod
1374 2084 1627 2121 ascendemus
1662 2083 1711 2121 ad
1727 2091 1765 2123 ²5

381 2153 705 2192 considerandum
727 2153 895 2191 divinam
922 2154 1194 2192 excellenciam
1215 2161 1252 2191 et
1272 2167 1340 2203 per
1361 2166 1602 2204 consequens
1623 2167 1711 2204 pro-

380 2224 684 2274 porcionabilem
718 2225 996 2262 excellenciam
1027 2225 1064 2261 in
1094 2225 1306 2262 ministris⁶.
1365 2223 1482 2271 Sicut,
1510 2225 1644 2274 inquit,
1672 2227 1711 2262 in

381 2296 672 2344 comparaczone⁷
705 2297 848 2333 lucerne
880 2296 1016 2333 tenebre
1041 2309 1111 2332 non
1137 2300 1279 2333 tantum
1307 2296 1463 2342 obscure,
1492 2297 1556 2333 sed
1569 2296 1713 2334 sordide

381 2371 470 2403 sunt
478 2379 497 2409 ,·
527 2367 580 2402 ad
598 2368 907 2414 comparacionem
929 2371 1045 2403 autem
1070 2367 1273 2411 stellarum,
1296 2367 1446 2404 lucerna
1480 2368 1600 2415 caligo
1614 2380 1633 2411 ,·
1663 2367 1717 2404 ad

381 2438 468 2474 solis
506 2449 589 2474 vero
627 2439 936 2485 comparacionem
974 2438 1069 2474 stelle
1106 2438 1227 2474 nebule
1262 2442 1351 2474 sunt
1363 2451 1380 2482 ,·
1420 2438 1473 2474 ad
1503 2438 1563 2474 dei
1594 2442 1710 2475 autem
1725 2451 1768 2483 30

381 2508 584 2544 claritatem
618 2507 636 2526 *
650 2509 708 2545 sol
723 2520 802 2545 nox
821 2513 872 2545 est
884 2522 903 2551 ‚·
933 2510 985 2544 sic
1005 2521 1070 2556 que
1089 2509 1142 2545 ad
1157 2508 1351 2557 irfirz'ores
1379 2513 1467 2545 sunt
1483 2509 1587 2545 licita
1606 2513 1712 2557 atque
1725 2522 1748 2550 8
1764 2521 1801 2550 b.

381 2579 518 2616 munda
544 2584 631 2616 sunt
648 2584 740 2628 aput
756 2580 958 2627 superiores
980 2580 1093 2627 quasi
1108 2580 1240 2615 illicita
1259 2584 1293 2615 et
1310 2579 1509 2616 immunda.
1572 2578 1711 2625 Quam-

381 2662 490 2698 quam
520 2651 613 2687 enim
641 2650 732 2687 bona
756 2654 852 2695 sunt,
871 2656 1024 2699 persone
1050 2654 1167 2686 tamen
1190 2651 1377 2697 superiori
1400 2662 1471 2687 non
1500 2654 1710 2698 competunt.

425 2751 434 2769 ¹
457 2757 528 2784 au⁰⁰
547 2767 572 2778 =
591 2752 761 2788 autentice,
789 2752 1054 2783 autonomatice?
1153 2751 1165 2768 ²
1188 2756 1231 2790 et,
1258 2762 1318 2782 om.
1345 2759 1375 2782 Β.
1477 2751 1488 2769 ⁸
1512 2752 1653 2793 quando,
1681 2760 1711 2782 B.

417 2814 485 2835 esse
501 2809 565 2844 pro
589 2814 669 2841 esse,
695 2812 725 2834 B.
815 2803 826 2821 ⁵
850 2815 919 2844 pro,
949 2814 1010 2835 om.
1038 2812 1071 2834 Α.
1161 2801 1173 2819 ⁶
1195 2803 1392 2835 excellencia
1418 2804 1450 2835 in
1480 2803 1650 2842 ministris,
1675 2804 1712 2834 in

383 2865 487 2894 marg.
508 2855 604 2896 inser.
623 2856 692 2886 alia
710 2866 826 2895 manu,
845 2863 874 2885 B.
965 2853 976 2870 ⁷
1001 2855 1296 2895 comparacionem‚
1317 2862 1346 2885 B.

382 2802 393 2819 4
