2018 3401
145 365 226 414 1'32
845 369 910 399 DE
942 367 1136 400 OFFICIO
1169 367 1327 399 REGIS.

422 481 619 524 tamquam
653 474 776 520 morti,
812 481 852 511 ut
887 474 961 511 sint
996 473 1259 523 spectaculum
1291 473 1329 510 in
1365 473 1512 510 mundo
1546 478 1747 523 tamquam

421 547 523 584 stulti
544 553 581 583 et
601 546 741 583 infirmi
763 558 806 583 ac
827 545 1025 594 ignobiles.
1088 545 1206 593 Usque
1225 547 1263 582 in
1284 545 1379 582 hanc
1400 545 1542 590 horam,
1563 544 1696 594 inquit,
1719 548 1753 580 el

421 632 485 654 uos
513 619 694 654 esurimus
722 621 755 654 el
779 618 925 653 sl'lz'mus
953 621 986 653 cl
1012 617 1108 652 nudi
1131 630 1268 662 sumus,
1289 621 1322 653 el
1341 616 1503 665 colaplu‘s
1523 616 1697 660 cedz'mur,
1719 619 1752 651 el

422 690 608 726 inslczln'lcs
626 702 763 732 smnus)
780 693 812 725 el
829 688 1040 724 laboramus
1060 688 1228 725 manibus
1249 689 1384 724 noslrl's
1397 701 1409 724 .·
1439 688 1703 731 malcdz'cz'mur,
1719 690 1752 723 cl

422 761 684 798 beneda-mens:
717 761 1003 808 persecuciomm
1038 760 1222 807 palimar,
1259 763 1292 795 cl
1325 760 1542 795 suslz'ncmus
1555 772 1568 795 .·
1614 757 1747 806 blaffc-
1764 762 1782 794 5

423 844 581 876 mamm,
613 836 645 868 cl
671 831 922 868 obsecramus:
950 835 1124 878 lanquam
1158 828 1175 848 '³‘
1202 835 1449 878 plagamenla
1478 829 1589 866 bullus
1623 825 1810 866 mundi29
1828 832 1859 853 a.

422 916 560 949 smnus,
597 904 757 939 amm'um
797 903 1004 951 peripsema
1044 915 1153 949 usque
1191 902 1244 937 ad
1276 901 1359 938 lzuc.
1435 900 1551 938 Unde
1590 899 1746 950 quando

423 973 585 1011 cessavit
626 973 850 1022 persecucio
892 978 1113 1009 sanctorum
1153 972 1351 1009 martirum
1399 972 1518 1009 sancti
1567 971 1749 1009 monachi

423 1045 641 1083 deserentes
661 1044 794 1081 mundi
817 1044 970 1081 divicias
993 1055 1032 1081 se
1055 1045 1160 1093 ipsos
1183 1044 1375 1081 meritorie
1400 1044 1638 1090 cruciarunt;
1670 1055 1750 1081 non

425 1117 478 1153 sic
512 1117 624 1165 igitur
662 1115 921 1165 irnperficitur‚
957 1115 1024 1152 sed
1058 1115 1262 1164 perficitur,
1296 1115 1419 1152 clerus
1451 1115 1578 1153 Cristi.
1634 1114 1750 1152 Unde
1767 1123 1806 1147 10

424 1200 520 1237 rogo
537 1188 651 1225 deum
668 1199 798 1224 meum
815 1187 919 1236 quod
941 1187 1060 1223 abbas
1081 1193 1117 1223 et
1135 1187 1228 1223 socii
1250 1187 1318 1232 sui,
1335 1193 1529 1224 cessantes
1547 1186 1751 1224 defendere

427 1266 571 1297 sectam
605 1258 772 1308 Epicuri,
805 1265 1043 1308 cognoscant
1081 1258 1186 1308 quod
1220 1259 1258 1295 in
1293 1265 1527 1308 paupertate,
1549 1258 1587 1295 in
1617 1258 1751 1295 mundi

427 1330 693 1380 despeccione,
716 1336 751 1366 et
782 1342 861 1367 non
892 1330 929 1366 in
959 1330 1038 1367 eius
1068 1330 1303 1375 affidacione,
1329 1336 1400 1368 stat
1433 1330 1523 1367 cleri
1553 1329 1750 1380 perfeccio.

427 1402 542 1451 Rogo
572 1402 730 1451 insuper
758 1401 862 1450 quod
894 1401 1028 1438 fratres
1057 1414 1103 1439 ex
1133 1402 1265 1439 maiori
1295 1401 1563 1439 habundancia
1586 1402 1751 1439 caritatis

428 1480 577 1511 servent
603 1474 641 1510 in
664 1485 703 1510 se
724 1473 1005 1522 perfeccionem
1026 1473 1247 1522 primevam,
1270 1473 1435 1510 doceant
1455 1479 1490 1510 et
1511 1473 1748 1510 desiderent¹
1768 1480 1805 1511 15

427 1546 572 1583 clerum
607 1552 729 1582 toturn
765 1545 1009 1582 comunicare
1044 1557 1130 1582 cum
1171 1545 1224 1582 eis
1264 1545 1310 1581 de
1349 1545 1620 1594 perfeccione2
1655 1545 1751 1582 sicut

427 1617 660 1654 lincoliensis
681 1617 845 1653 ostendit
867 1628 1037 1653 sororem
1059 1628 1169 1653 suam
1190 1616 1328 1653 debere
1349 1623 1538 1665 appetere.
1587 1615 1635 1652 Et
1656 1628 1751 1665 rogo
1766 1625 1965 1661 Groszetete,

428 1689 545 1726 tercio
576 1687 681 1737 quod
717 1688 769 1724 sic
801 1687 993 1725 discamus
1029 1699 1161 1735 regum
1197 1687 1463 1725 obedienciam
1492 1695 1527 1725 et
1559 1700 1752 1725 servemus
1767 1671 1826 1712 Ep.
1846 1671 1911 1701 νώ·

429 1758 536 1808 quod
566 1758 646 1807 ipsi,
673 1765 872 1808 tamquam
897 1758 1026 1796 asinus
1057 1758 1218 1805 balaam,
1249 1765 1391 1808 cogant
1421 1771 1491 1796 nos
1526 1765 1562 1795 et
1591 1759 1753 1796 doceant

428 1830 499 1867 hec
522 1842 680 1867 servare.
1769 1840 1810 1862 20

150 1906 311 1938 Returning
324 1911 353 1931 to
366 1915 417 1932 our
486 1900 588 1937 Sed³
610 1900 782 1937 secundo
803 1900 967 1938 obicitur
986 1913 1054 1950 per
1074 1901 1148 1939 hoc
1169 1901 1273 1950 quod
1300 1902 1329 1938 si
1350 1915 1417 1939 rex
1438 1901 1548 1939 faeiat
1570 1914 1752 1950 quecum-

150 1941 226 1967 main
239 1946 397 1972 argument,

149 1974 367 2034 ἰὶὲῑίὒῇξῖἑῖῖἵ
430 1984 504 2021 que
537 1983 609 2021 que
642 1971 764 2009 clerus
796 1983 886 2009 suus
918 1971 1007 2009 facit
1037 1973 1258 2009 auctoritate
1290 1973 1356 2017 sui,
1378 1980 1467 2010 tunc
1498 1974 1665 2022 sequitur
1688 1986 1756 2022 per

149 2043 199 2102 3ζὲ
211 2041 355 2107 ῗέῗέὲᾱῡ
368 2041 405 2073 by
430 2043 531 2080 idem
551 2055 571 2079 e
593 2049 726 2080 contra
747 2043 850 2092 quod
871 2055 971 2092 papa
993 2043 1081 2080 facit
1102 2044 1281 2093 quicquid
1305 2044 1389 2081 laici
1420 2044 1561 2081 faciunt
1590 2045 1753 2081 auctori-

150 2108 505 2175 ffissffgiss‘ijffgfffinetate
536 2114 603 2158 sui,
634 2120 670 2151 et
700 2114 970 2163 multiplicatur
997 2115 1197 2164 utrobique
1228 2115 1551 2160 inconveniencia,
1583 2121 1621 2152 ut
1651 2115 1756 2164 quod

150 2177 368 2243 ἷξξῇζηῇἓξζζῗ
431 2198 497 2223 rex
529 2185 703 2231 celebrat,
734 2185 888 2222 conficit
917 2192 953 2222 et
981 2185 1167 2222 ministrat
1198 2186 1328 2223 onmia
1367 2193 1617 2231 sacramenta,
1649 2186 1754 2236 quod
1771 2202 1809 2234 ²5

150 2244 332 2309 {ffiff'ffigfis
346 2277 418 2302 done
431 2269 531 2306 papa
551 2263 708 2306 pugnat,
730 2263 906 2305 procreat
926 2263 961 2293 et
982 2257 1198 2294 seculariter
1226 2257 1455 2295 dominatur.
1513 2258 1591 2295 Hic
1611 2258 1757 2295 videtur

152 2311 390 2376 ξὲῃῖιῖῗῑξῗὲᾞῖξο
432 2327 524 2365 mihi
563 2328 669 2377 quod
708 2328 906 2365 conclusio
945 2328 1068 2377 prima
1102 2334 1158 2365 est
1196 2329 1456 2374 concedenda,
1492 2329 1558 2366 sed
1596 2336 1637 2366 ut
1679 2329 1757 2367 dixi

152 2379 307 2404 celebrates
321 2378 400 2403 Mass

153 2412 419 2471 gnssttshgaffiggand
431 2399 580 2436 residue
602 2411 682 2436 non
703 2405 895 2445 secuntur,
918 2411 1007 2436 cum
1034 2399 1128 2437 deus
1158 2399 1245 2437 facit
1275 2400 1458 2449 quicquid
1488 2408 1659 2438 creatura
1689 2413 1757 2438 sua

152 2456 399 2512 bggetschildien.
434 2470 573 2507 fecerit.
631 2469 746 2507 Unde
775 2482 854 2507 non
881 2471 1049 2520 sequitur
1079 2471 1107 2507 si
1138 2483 1202 2508 rex
1234 2471 1321 2508 sacit
1348 2472 1484 2509 missas
1513 2472 1693 2510 celebrari
1721 2479 1757 2510 et

434 2546 717 2578 sacramentum
748 2541 895 2585 confici,
923 2548 959 2578 et
990 2542 1042 2578 sic
1072 2541 1352 2579 celebraciones
1381 2549 1418 2579 et
1447 2543 1538 2580 alias
1567 2543 1755 2581 ministra·
1771 2555 1812 2586 30

433 2612 564 2649 ciones
584 2610 868 2657 ecclesiasticas,
885 2612 990 2661 quod
1011 2618 1210 2661 propterea
1231 2613 1282 2649 sic
1302 2612 1464 2650 celebrat
1481 2614 1536 2651 vel
1557 2614 1755 2652 ministrat.

434 2683 511 2719 Ubi
532 2688 683 2731 oportet
714 2689 847 2719 notare
868 2683 1196 2732 equivocacioneS‚
1219 2683 1501 2732 descripciones
1528 2692 1564 2722 et
1595 2686 1756 2723 omnino

435 2753 655 2804 personales
676 2753 975 2802 predicaciones,
997 2760 1036 2790 ut
1057 2754 1157 2791 aliud
1178 2761 1234 2791 est
1254 2754 1379 2792 facere
1409 2756 1695 2793 matrimonium
1719 2763 1757 2794 et

433 2825 535 2863 aliud
555 2825 881 2862 matrimonialiter
910 2825 1064 2862 affidari.
1123 2825 1183 2863 Sic
1203 2826 1315 2875 igitur
1339 2827 1482 2864 nedum
1503 2840 1568 2864 rex
1589 2834 1625 2864 et
1644 2840 1756 2876 papa,

478 2911 485 2928 ¹
505 2911 701 2950 desiderent,
717 2922 799 2942 (ονν.
816 2922 857 2942 ex
872 2911 1086 2950 considerent,
1100 2920 1128 2943 B.
1184 2911 1196 2928 ‘²
1209 2912 1395 2945 defeccione
1404 2918 1470 2954 pro
1485 2914 1526 2945 de
1542 2914 1753 2955 perfeccione,

434 2972 467 2993 Α.
558 2961 569 2978 ³
593 2963 629 2993 7'71
648 2973 750 3003 marg.
771 2969 805 2993 2a
822 2964 978 3002 obieccio,
996 2971 1024 2995 Β.
