2018 3401
129 301 209 353 198
836 312 901 344 DE
933 312 1130 346 OFFICIo
1162 314 1319 347 REGIS.

407 416 684 464 auctoritatem,
720 424 757 455 et
792 430 815 455 a
847 418 975 456 multis
1003 425 1159 469 propter
1189 432 1325 459 eorum
1355 421 1660 471 imprudenciam
1681 424 1739 462 vel

408 488 635 526 abusionem
655 495 807 526 revocat
827 495 1070 538 potestatem.

127 566 189 592 The
201 574 295 598 power
307 565 364 592 and
466 558 542 596 Sed
562 559 710 596 videtur
729 559 854 597 adhuc
878 560 985 609 quod
1010 568 1180 610 potestas
1200 569 1236 600 et
1257 569 1375 600 status
1406 563 1503 613 regis
1534 564 1580 602 sit
1609 565 1743 614 pocior
1755 576 1793 606 ο.

127 600 271 666 ‹1:33¹ssth
282 600 395 672 Ξξςῗιῑετ
409 630 498 679 quia
532 630 717 668 execucio
757 631 901 668 iusticie
941 644 1007 669 sue
1046 639 1104 670 est
1133 635 1339 673 extensior.
1397 635 1448 672 Et
1478 635 1657 674 Proverb.
1692 650 1736 674 21
1755 643 1849 675 Prov.
1868 642 1933 673 xxi.

128 667 248 767 ἓξὲξ
259 667 376 727 ἓιῗνέἒέῐ
409 701 564 739 dicitur:
585 700 773 738 Iudicium
787 706 821 738 el
837 703 1277 754 melrerz'cordt‘amfacere¹
1296 707 1419 755 magis
1424 707 1550 755 placet
1559 708 1618 744 deo
1630 721 1741 756 quam
1756 695 1786 726 3⁸

409 773 562 809 victime.
650 772 700 809 Et
746 772 850 809 idem
898 780 1002 822 patet
1051 774 1138 813 Isai.
1183 783 1224 812 10
1239 789 1249 823 ;
1307 783 1343 814 et
1390 777 1479 815 hinc
1530 778 1743 816 secundum
1756 779 1799 811 IS.
1816 778 1838 810 i.
1859 785 1908 818 17-

409 843 692 881 Crisostomum
718 844 845 881 David
871 845 1098 894 preponitur
1128 846 1266 884 Matth.
1299 854 1350 884 10.
1408 849 1669 887 Confirmatur
1696 862 1745 888 ex

408 915 483 952 hoc
518 914 626 964 quod
657 922 777 952 status
811 915 913 964 regis
944 923 1001 954 est
1031 918 1292 966 periculosior,
1322 920 1410 958 ideo
1443 921 1525 959 eius
1553 922 1746 971 perfeccio

407 986 556 1023 videtur
576 986 803 1033 meritorior,
826 986 931 1024 iuxta
953 987 1044 1025 illud
1065 988 1167 1026 Eccl.
1192 998 1263 1038 310
1287 990 1366 1036 Qui
1381 994 1507 1040 poluit
1532 992 1887 1047 lratzsg1¹e>d2‘EccluS.

408 1061 443 1094 el
465 1070 537 1093 που
557 1061 608 1094 csl
624 1062 893 1105 transgressus,
916 1063 949 1095 el
951 1059 1086 1109 facere
1105 1061 1207 1097 mala
1227 1066 1260 1098 el
1277 1063 1463 1112 nonsecd,
1486 1064 1562 1100 ideo
1581 1064 1746 1100 stabilita
1759 1052 1843 1115 'Iolm'
1864 1050 1914 1079 ω’

130 1137 175 1163 'ro
185 1136 329 1168 dojustice
340 1135 396 1161 and
409 1133 497 1165 sunl
523 1128 615 1165 bona
645 1129 748 1165 z'llz'us
777 1130 816 1166 z'n
845 1130 1000 1168 domino.
1059 1131 1137 1168 Hic
1158 1131 1293 1170 dicitur
1313 1135 1419 1183 quod
1439 1134 1525 1184 plus
1546 1141 1603 1172 est
1622 1134 1748 1172 facere

130 1179 224 1203 mei-cy
237 1169 260 1196 is
274 1170 366 1195 better

131 1204 381 1264 {sseassggrgntssssssser
409 1199 714 1237 misericordiam
741 1207 778 1237 et
809 1200 1003 1237 Iusticiam
1035 1214 1152 1251 quam
1183 1204 1439 1242 ministerium
1469 1205 1747 1243 sacramentale

370 1318 372 1321 .
410 1271 614 1321 pontificis,
635 1272 688 1309 sic
709 1271 814 1321 quod
834 1284 914 1310 non
935 1272 974 1308 in
994 1272 1059 1311 illo
1080 1280 1154 1312 stat
1183 1274 1273 1312 cleri
1302 1277 1589 1325 preeminencia
1618 1276 1685 1314 sed
1708 1277 1747 1313 in

410 1343 592 1393 operibus
612 1343 885 1389 misericordie,
906 1344 1069 1382 vivendo
1094 1345 1220 1383 Cristo
1251 1346 1489 1385 conformius
1510 1348 1550 1384 in
1570 1348 1746 1397 ampliori

410 1414 568 1460 iusticia,
600 1414 705 1464 quod
744 1414 859 1452 debet
892 1422 1112 1464 competere
1146 1417 1286 1455 clerico
1323 1431 1435 1468 supra
1470 1431 1610 1469 regem.
1671 1418 1747 1456 Sed
1763 1430 1800 1461 15

410 1485 568 1522 ulterius
598 1485 814 1523 notandum
848 1486 964 1535 quod,
986 1486 1074 1524 licet
1104 1500 1170 1525 rex
1202 1489 1461 1528 auctoritative
1493 1490 1579 1528 facit
1608 1503 1747 1528 execu-

413 1557 567 1594 cionem
589 1557 735 1594 iusticie
752 1569 822 1606 per
838 1562 962 1594 totum
979 1570 1154 1606 regnum,
1172 1561 1369 1598 extensius
1384 1560 1401 1580 *
1419 1568 1549 1599 tamen
1563 1574 1681 1612 quarn
1695 1562 1747 1599 sic
1760 1569 1804 1598 41
1821 1569 1855 1598 d.

418 1628 505 1666 facit
534 1628 633 1665 filius
664 1628 774 1677 regni
804 1628 993 1665 iusticiam
1025 1630 1291 1668 absconditam
1321 1644 1436 1682 supra
1456 1634 1601 1683 regiam
1620 1640 1748 1683 potes-

417 1707 547 1738 tatem.
614 1700 664 1737 Et
701 1700 756 1737 sic
795 1712 942 1749 pauper
982 1702 1129 1740 mundo
1167 1703 1386 1753 incognitus
1424 1705 1619 1743 extensius
1660 1705 1749 1743 facit

413 1772 601 1810 iusticiam
637 1784 755 1822 quam
790 1773 860 1810 iste
898 1785 1002 1822 papa
1035 1774 1141 1811 cuius
1175 1781 1347 1824 potestas
1372 1788 1450 1826 quo
1479 1776 1530 1814 ad
1558 1777 1746 1814 mundum
1763 1795 1803 1816 20

415 1851 604 1893 quantum
623 1843 716 1881 libet
746 1844 992 1890 declametur,
1013 1852 1054 1882 ut
1083 1853 1188 1894 patet
1213 1846 1261 1884 di.
1294 1847 1344 1884 xl.
1402 1846 1454 1885 Se·
1471 1855 1585 1896 papa.
1642 1847 1747 1886 Con-
1760 1858 1891 1888 Decret.

416 1915 564 1952 ceditur
584 1915 698 1964 igitur
718 1915 823 1964 quod
843 1928 908 1952 rex
930 1916 1046 1953 habet
1073 1917 1268 1954 racionem
1296 1918 1469 1955 merendi
1498 1919 1749 1968 multiplicem

412 1986 599 2035 episcopo
657 1986 896 2036 ampliorem,
943 1988 1141 2036 potissime
1199 1988 1289 2037 quia
1335 1988 1450 2026 habet
1498 1990 1746 2027 occasionem

413 2057 604 2095 meritorie
639 2057 797 2107 regendi
835 2064 872 2095 et
907 2058 1152 2108 multiplicius
1188 2059 1420 2098 demerendi.
1479 2060 1564 2098 Nec
1591 2073 1639 2098 ex
1672 2061 1746 2099 hoc

413 2129 583 2179 sequitur
607 2129 712 2178 quod
744 2135 867 2166 status
899 2130 944 2167 sit
975 2130 1185 2180 perfeccior
1216 2132 1247 2169 si
1277 2132 1423 2179 evadat,
1443 2133 1534 2183 quia
1555 2133 1607 2171 sic
1627 2139 1747 2170 status
1762 2154 1800 2186 25

413 2201 684 2250 peccatoribus
721 2201 981 2239 mundialibus
1022 2202 1208 2252 implicati
1246 2202 1343 2241 foret
1390 2204 1600 2254 perfeccior
1647 2211 1748 2242 statu

415 2272 641 2322 apostolico.
697 2273 747 2310 Et
769 2285 816 2310 ex
838 2271 944 2311 istis²
963 2273 1153 2323 colligitur
1183 2275 1288 2324 quod
1317 2283 1478 2325 peccant
1500 2276 1662 2326 graviter
1683 2276 1749 2324 qui

415 2344 533 2393 gratis
565 2343 789 2381 difficultant
820 2351 959 2381 statum
985 2357 1099 2382 suum
1128 2345 1178 2382 ad
1209 2346 1389 2384 meritum
1415 2347 1510 2385 ultra
1539 2347 1614 2385 hoc
1643 2347 1748 2397 quod

416 2415 511 2452 deus
532 2415 700 2461 instituit,
722 2416 812 2465 quia
841 2415 915 2453 hoc
935 2422 993 2453 est
1012 2416 1209 2465 quoddam
1230 2429 1351 2466 genus
1381 2418 1594 2467 temptandi
1619 2418 1744 2463 deum,

416 2486 513 2524 sicut
532 2486 678 2523 videtur
697 2486 821 2524 facere
841 2487 967 2524 clerici
988 2487 1158 2536 negociis
1178 2488 1412 2526 secularibus
1432 2489 1600 2528 involuti.
1761 2507 1802 2538 30

138 2569 278 2595 Asecond
301 2568 392 2601 objec-
471 2556 654 2595 Secundo
693 2557 857 2595 obicitur
898 2559 1138 2597 contradicta
1187 2559 1234 2597 de
1280 2559 1439 2597 homine
1486 2560 1587 2609 legio
1634 2560 1746 2609 regis,

139 2603 196 2629 tion
211 2602 234 2628 is
247 2602 331 2628 taken
345 2611 377 2628 as

138 2642 171 2696 gc}
180 2636 405 2701 {lnggssgaxssgness
419 2627 524 2677 quod
555 2640 626 2665 nec
659 2628 886 2665 describitur
919 2641 992 2667 nec
1031 2629 1193 2667 docetur
1223 2638 1409 2680 quantum
1450 2631 1497 2669 de
1532 2631 1610 2668 suis
1644 2631 1748 2669 subi-

138 2703 319 2769 l‘itehgeenlffgssg’s
421 2699 520 2737 citur
549 2700 649 2749 regis
688 2700 872 2737 dominio.
929 2699 1007 2737 Hic
1037 2700 1186 2738 videtur
1215 2700 1308 2737 mihi
1340 2701 1445 2750 quod
1478 2701 1598 2739 homo
1626 2701 1749 2751 legius

141 2786 405 2845 1takengnitaffy(i
422 2771 522 2821 regis
551 2778 678 2821 potest
711 2771 783 2808 dici
815 2771 1047 2822 quicumque
1077 2771 1198 2810 homo
1228 2772 1329 2821 regis
1361 2773 1424 2822 qui
1457 2773 1640 2811 subicitur
1671 2772 1746 2822 legi

139 2829 264 2852 onemay
291 2828 347 2845 eca
370 2828 384 2844 e

139 2853 187 2879 the
203 2853 302 2886 King's
322 2852 405 2886 liege-
417 2843 529 2892 regis,
551 2843 603 2880 sic
634 2842 740 2892 quod
769 2842 839 2879 ista
868 2855 947 2880 non
977 2850 1234 2880 consecuntur
1263 2855 1315 2888 se,
1342 2843 1461 2882 homo
1491 2844 1614 2894 legius
1642 2844 1741 2894 regis
1755 2862 1794 2893 35

636 2923 646 2942 ¹
671 2924 750 2955 Fac.
769 2924 834 2956 iud.
851 2929 882 2956 et
899 2925 982 2960 mis„
997 2924 1064 2955 ord.
1082 2924 1151 2956 inv.
1171 2932 1199 2954 Β.
1370 2924 1383 2942 ²
1406 2925 1479 2964 isto,
1498 2933 1529 2956 Β.

1761 1909 1797 1933 D.
1811 1908 1869 1931 XL.
1888 1911 1914 1933 c.
1933 1899 1970 1931 6,·
2002 1912 2004 1917 ,

2008 2372 2018 2489 *nin
