<?xml version="1.0" encoding="UTF-8"?>
<!DOCTYPE html PUBLIC "-//W3C//DTD XHTML 1.0 Transitional//EN"
    "http://www.w3.org/TR/xhtml1/DTD/xhtml1-transitional.dtd">
<html xmlns="http://www.w3.org/1999/xhtml" xml:lang="en" lang="en">
 <head>
  <title>
</title>
<meta http-equiv="Content-Type" content="text/html;charset=utf-8" />
  <meta name='ocr-system' content='tesseract 3.04.00' />
  <meta name='ocr-capabilities' content='ocr_page ocr_carea ocr_par ocr_line ocrx_word'/>
</head>
<body>
  <div class='ocr_page' id='page_1' title='image "./iohanniswycliftr08wycl_0055.png"; bbox 0 0 2018 3401; ppageno 0'>
   <div class='ocr_carea' id='block_1_1' title="bbox 723 324 1898 368">
    <p class='ocr_par' dir='ltr' id='par_1_1' title="bbox 723 324 1898 368">
     <span class='ocr_line' id='line_1_1' title="bbox 723 324 1898 368; baseline 0 -13"><span class='ocrx_word' id='word_1_1' title='bbox 723 325 785 356; x_wconf 86' lang='lat' dir='ltr'><strong>DE</strong></span> <span class='ocrx_word' id='word_1_2' title='bbox 818 324 1011 356; x_wconf 71' lang='lat' dir='ltr'><strong>ormelo</strong></span> <span class='ocrx_word' id='word_1_3' title='bbox 1045 324 1201 356; x_wconf 78' lang='lat' dir='ltr'><strong>REGrs.</strong></span> <span class='ocrx_word' id='word_1_4' title='bbox 1847 329 1898 368; x_wconf 90' lang='lat'><strong>19</strong></span> 
     </span>
    </p>
   </div>
   <div class='ocr_carea' id='block_1_2' title="bbox 297 428 1622 690">
    <p class='ocr_par' dir='ltr' id='par_1_2' title="bbox 297 428 1622 690">
     <span class='ocr_line' id='line_1_2' title="bbox 299 428 1622 479; baseline 0.001 -13"><span class='ocrx_word' id='word_1_5' title='bbox 299 430 421 479; x_wconf 88' lang='lat' dir='ltr'><strong>magis</strong></span> <span class='ocrx_word' id='word_1_6' title='bbox 452 430 614 467; x_wconf 83' lang='lat' dir='ltr'>nocebat</span> <span class='ocrx_word' id='word_1_7' title='bbox 642 429 803 467; x_wconf 82' lang='lat' dir='ltr'><strong>ecclesie</strong></span> <span class='ocrx_word' id='word_1_8' title='bbox 836 437 872 467; x_wconf 86' lang='lat' dir='ltr'><strong>et</strong></span> <span class='ocrx_word' id='word_1_9' title='bbox 905 430 961 467; x_wconf 90' lang='lat' dir='ltr'><strong>sui</strong></span> <span class='ocrx_word' id='word_1_10' title='bbox 995 429 1220 473; x_wconf 83' lang='lat' dir='ltr'><strong>sacerdotes,</strong></span> <span class='ocrx_word' id='word_1_11' title='bbox 1243 429 1307 478; x_wconf 90' lang='lat' dir='ltr'><strong>qui</strong></span> <span class='ocrx_word' id='word_1_12' title='bbox 1337 428 1509 466; x_wconf 85' lang='lat' dir='ltr'><strong>videntur</strong></span> <span class='ocrx_word' id='word_1_13' title='bbox 1538 441 1622 467; x_wconf 89' lang='lat' dir='ltr'><strong>esse</strong></span> 
     </span>
     <span class='ocr_line' id='line_1_3' title="bbox 298 500 1620 549; baseline 0 -12"><span class='ocrx_word' id='word_1_14' title='bbox 298 501 410 537; x_wconf 89' lang='lat' dir='ltr'><strong>matri</strong></span> <span class='ocrx_word' id='word_1_15' title='bbox 431 507 559 538; x_wconf 89' lang='lat' dir='ltr'><strong>nostre</strong></span> <span class='ocrx_word' id='word_1_16' title='bbox 579 501 702 549; x_wconf 87' lang='lat' dir='ltr'><strong>magis</strong></span> <span class='ocrx_word' id='word_1_17' title='bbox 722 500 932 546; x_wconf 88' lang='lat' dir='ltr'><strong>domestici,</strong></span> <span class='ocrx_word' id='word_1_18' title='bbox 953 500 1088 538; x_wconf 90' lang='lat' dir='ltr'><strong>dolosa</strong></span> <span class='ocrx_word' id='word_1_19' title='bbox 1108 500 1358 537; x_wconf 85' lang='lat' dir='ltr'><strong>amaritudine</strong></span> <span class='ocrx_word' id='word_1_20' title='bbox 1388 500 1472 548; x_wconf 92' lang='lat' dir='ltr'><strong>plus</strong></span> <span class='ocrx_word' id='word_1_21' title='bbox 1502 511 1620 537; x_wconf 88' lang='lat' dir='ltr'><strong>noce-</strong></span> 
     </span>
     <span class='ocr_line' id='line_1_4' title="bbox 297 570 1622 619; baseline 0 -12"><span class='ocrx_word' id='word_1_22' title='bbox 297 570 400 607; x_wconf 84' lang='lat' dir='ltr'>bant.</span> <span class='ocrx_word' id='word_1_23' title='bbox 458 570 561 607; x_wconf 90' lang='lat' dir='ltr'><strong>Nam</strong></span> <span class='ocrx_word' id='word_1_24' title='bbox 598 571 809 619; x_wconf 89' lang='lat' dir='ltr'><strong>yppocrisis</strong></span> <span class='ocrx_word' id='word_1_25' title='bbox 838 578 874 608; x_wconf 89' lang='lat' dir='ltr'><strong>et</strong></span> <span class='ocrx_word' id='word_1_26' title='bbox 903 571 1133 608; x_wconf 89' lang='lat' dir='ltr'><strong>fermentum</strong></span> <span class='ocrx_word' id='word_1_27' title='bbox 1163 570 1437 619; x_wconf 83' lang='lat' dir='ltr'><strong>phariseorum,</strong></span> <span class='ocrx_word' id='word_1_28' title='bbox 1468 582 1515 607; x_wconf 85' lang='lat' dir='ltr'><strong>ex</strong></span> <span class='ocrx_word' id='word_1_29' title='bbox 1548 570 1622 607; x_wconf 91' lang='lat' dir='ltr'><strong>hoc</strong></span> 
     </span>
     <span class='ocr_line' id='line_1_5' title="bbox 298 640 1622 690; baseline -0.002 -12"><span class='ocrx_word' id='word_1_30' title='bbox 298 640 403 690; x_wconf 89' lang='lat' dir='ltr'><strong>quod</strong></span> <span class='ocrx_word' id='word_1_31' title='bbox 433 648 489 678; x_wconf 90' lang='lat' dir='ltr'><strong>est</strong></span> <span class='ocrx_word' id='word_1_32' title='bbox 517 641 643 678; x_wconf 92' lang='lat' dir='ltr'><strong>minus</strong></span> <span class='ocrx_word' id='word_1_33' title='bbox 672 642 936 690; x_wconf 86' lang='lat' dir='ltr'><strong>perceptibilis,</strong></span> <span class='ocrx_word' id='word_1_34' title='bbox 960 641 1087 678; x_wconf 88' lang='lat' dir='ltr'><strong>minus</strong></span> <span class='ocrx_word' id='word_1_35' title='bbox 1107 641 1293 677; x_wconf 90' lang='lat' dir='ltr'><strong>vincibilis</strong></span> <span class='ocrx_word' id='word_1_36' title='bbox 1324 641 1399 677; x_wconf 83' lang='lat' dir='ltr'><strong>sive</strong></span> <span class='ocrx_word' id='word_1_37' title='bbox 1431 640 1622 684; x_wconf 88' lang='lat' dir='ltr'><strong>sanabilis,</strong></span> 
     </span>
    </p>
   </div>
   <div class='ocr_carea' id='block_1_3' title="bbox 266 711 1889 785">
    <p class='ocr_par' dir='ltr' id='par_1_3' title="bbox 266 711 1889 785">
     <span class='ocr_line' id='line_1_6' title="bbox 266 711 1889 785; baseline -0.002 -35"><span class='ocrx_word' id='word_1_38' title='bbox 266 718 283 750; x_wconf 88' lang='lat'>5</span> <span class='ocrx_word' id='word_1_39' title='bbox 298 711 422 760; x_wconf 84' lang='lat' dir='ltr'><strong>magis</strong></span> <span class='ocrx_word' id='word_1_40' title='bbox 442 719 565 749; x_wconf 89' lang='lat' dir='ltr'><strong>nocet.</strong></span> <span class='ocrx_word' id='word_1_41' title='bbox 621 711 671 749; x_wconf 92' lang='lat' dir='ltr'><strong>Et</strong></span> <span class='ocrx_word' id='word_1_42' title='bbox 690 718 794 761; x_wconf 90' lang='lat' dir='ltr'><strong>patet</strong></span> <span class='ocrx_word' id='word_1_43' title='bbox 814 712 1015 761; x_wconf 90' lang='lat' dir='ltr'><strong>quomodo</strong></span> <span class='ocrx_word' id='word_1_44' title='bbox 1042 712 1166 761; x_wconf 83' lang='lat' dir='ltr'><strong>prima</strong></span> <span class='ocrx_word' id='word_1_45' title='bbox 1191 711 1375 760; x_wconf 83' lang='lat' dir='ltr'><strong>particula</strong></span> <span class='ocrx_word' id='word_1_46' title='bbox 1403 717 1548 748; x_wconf 87' lang='lat' dir='ltr'><strong>asserta</strong></span> <span class='ocrx_word' id='word_1_47' title='bbox 1567 717 1623 748; x_wconf 90' lang='lat' dir='ltr'><strong>est</strong></span> <span class='ocrx_word' id='word_1_48' title='bbox 1636 720 1889 785; x_wconf 48' lang='lat' dir='ltr'><strong>fffflzpffiefigsgjec</strong></span> 
     </span>
    </p>
   </div>
   <div class='ocr_carea' id='block_1_4' title="bbox 82 781 1875 832">
    <p class='ocr_par' dir='ltr' id='par_1_4' title="bbox 82 781 1875 832">
     <span class='ocr_line' id='line_1_7' title="bbox 82 781 1875 832; baseline 0.002 -16"><span class='ocrx_word' id='word_1_49' title='bbox 82 781 405 827; x_wconf 67' lang='lat' dir='ltr'><strong>1¹01.110a.fa1sa,</strong></span> <span class='ocrx_word' id='word_1_50' title='bbox 426 788 463 819; x_wconf 89' lang='lat' dir='ltr'><strong>et</strong></span> <span class='ocrx_word' id='word_1_51' title='bbox 491 782 691 832; x_wconf 89' lang='lat' dir='ltr'><strong>quomodo</strong></span> <span class='ocrx_word' id='word_1_52' title='bbox 720 783 927 820; x_wconf 90' lang='lat' dir='ltr'><strong>dicendum</strong></span> <span class='ocrx_word' id='word_1_53' title='bbox 958 790 1014 819; x_wconf 89' lang='lat' dir='ltr'><strong>est</strong></span> <span class='ocrx_word' id='word_1_54' title='bbox 1036 781 1278 831; x_wconf 72' lang='lat' dir='ltr'><strong>specifi*cata</strong></span> <span class='ocrx_word' id='word_1_55' title='bbox 1306 783 1474 819; x_wconf 84' lang='lat' dir='ltr'><strong>materia.</strong></span> <span class='ocrx_word' id='word_1_56' title='bbox 1533 781 1623 827; x_wconf 87' lang='lat' dir='ltr'><strong>Quo</strong></span> <span class='ocrx_word' id='word_1_57' title='bbox 1638 787 1696 814; x_wconf 79' lang='lat' dir='ltr'><strong>tion</strong></span> <span class='ocrx_word' id='word_1_58' title='bbox 1710 787 1732 813; x_wconf 76' lang='lat' dir='ltr'><strong>is</strong></span> <span class='ocrx_word' id='word_1_59' title='bbox 1746 787 1875 819; x_wconf 78' lang='lat' dir='ltr'><strong>disposed</strong></span> 
     </span>
    </p>
   </div>
   <div class='ocr_carea' id='block_1_5' title="bbox 81 831 124 862">
    <p class='ocr_par' dir='ltr' id='par_1_5' title="bbox 81 831 124 862">
     <span class='ocr_line' id='line_1_8' title="bbox 81 831 124 862; baseline 0.047 -2"><span class='ocrx_word' id='word_1_60' title='bbox 81 831 124 862; x_wconf 82' lang='lat' dir='ltr'><strong>R.</strong></span> 
     </span>
    </p>
   </div>
   <div class='ocr_carea' id='block_1_6' title="bbox 85 2633 151 2664">
    <p class='ocr_par' dir='ltr' id='par_1_6' title="bbox 85 2633 151 2664">
     <span class='ocr_line' id='line_1_9' title="bbox 85 2633 151 2664; baseline 0 -1"><span class='ocrx_word' id='word_1_61' title='bbox 85 2633 151 2664; x_wconf 64' lang='lat'><strong>6⁸.</strong></span> 
     </span>
    </p>
   </div>
   <div class='ocr_carea' id='block_1_7' title="bbox 1637 820 1891 847">
    <p class='ocr_par' dir='ltr' id='par_1_7' title="bbox 1637 820 1891 847">
     <span class='ocr_line' id='line_1_10' title="bbox 1637 820 1891 847; baseline -0.004 0"><span class='ocrx_word' id='word_1_62' title='bbox 1637 822 1677 847; x_wconf 81' lang='lat' dir='ltr'><strong>os.</strong></span> <span class='ocrx_word' id='word_1_63' title='bbox 1712 821 1774 846; x_wconf 86' lang='lat' dir='ltr'><strong>The</strong></span> <span class='ocrx_word' id='word_1_64' title='bbox 1789 820 1891 846; x_wconf 85' lang='lat' dir='ltr'><strong>second</strong></span> 
     </span>
    </p>
   </div>
   <div class='ocr_carea' id='block_1_8' title="bbox 299 852 1903 920">
    <p class='ocr_par' dir='ltr' id='par_1_8' title="bbox 299 852 1903 920">
     <span class='ocr_line' id='line_1_11' title="bbox 299 852 1903 920; baseline 0 -31"><span class='ocrx_word' id='word_1_65' title='bbox 299 853 348 890; x_wconf 90' lang='lat' dir='ltr'><strong>ad</strong></span> <span class='ocrx_word' id='word_1_66' title='bbox 378 853 587 890; x_wconf 87' lang='lat' dir='ltr'><strong>secundam</strong></span> <span class='ocrx_word' id='word_1_67' title='bbox 619 860 766 902; x_wconf 87' lang='lat' dir='ltr'><strong>partem</strong></span> <span class='ocrx_word' id='word_1_68' title='bbox 797 860 902 902; x_wconf 88' lang='lat' dir='ltr'><strong>patet</strong></span> <span class='ocrx_word' id='word_1_69' title='bbox 933 854 1014 890; x_wconf 85' lang='lat' dir='ltr'><strong>eius</strong></span> <span class='ocrx_word' id='word_1_70' title='bbox 1048 853 1190 890; x_wconf 85' lang='lat' dir='ltr'><strong>falsitas</strong></span> <span class='ocrx_word' id='word_1_71' title='bbox 1220 852 1292 890; x_wconf 84' lang='lat' dir='ltr'><strong>ex¹</strong></span> <span class='ocrx_word' id='word_1_72' title='bbox 1328 853 1402 890; x_wconf 91' lang='lat' dir='ltr'><strong>hoc</strong></span> <span class='ocrx_word' id='word_1_73' title='bbox 1436 853 1542 902; x_wconf 89' lang='lat' dir='ltr'><strong>quod</strong></span> <span class='ocrx_word' id='word_1_74' title='bbox 1576 865 1622 889; x_wconf 87' lang='lat' dir='ltr'><strong>ex</strong></span> <span class='ocrx_word' id='word_1_75' title='bbox 1638 855 1903 920; x_wconf 45' lang='lat' dir='ltr'><strong>iszlsslgffirffigubnean·</strong></span> 
     </span>
    </p>
   </div>
   <div class='ocr_carea' id='block_1_9' title="bbox 299 920 1873 980">
    <p class='ocr_par' dir='ltr' id='par_1_9' title="bbox 299 920 1873 980">
     <span class='ocr_line' id='line_1_12' title="bbox 299 920 1873 980; baseline 0 -20"><span class='ocrx_word' id='word_1_76' title='bbox 299 923 472 961; x_wconf 92' lang='lat' dir='ltr'><strong>doctrina</strong></span> <span class='ocrx_word' id='word_1_77' title='bbox 504 923 629 970; x_wconf 84' lang='lat' dir='ltr'><strong>Cristi,</strong></span> <span class='ocrx_word' id='word_1_78' title='bbox 653 931 729 961; x_wconf 87' lang='lat' dir='ltr'><strong>tam</strong></span> <span class='ocrx_word' id='word_1_79' title='bbox 750 925 867 961; x_wconf 91' lang='lat' dir='ltr'><strong>verbo</strong></span> <span class='ocrx_word' id='word_1_80' title='bbox 897 936 1014 973; x_wconf 84' lang='lat' dir='ltr'><strong>quam</strong></span> <span class='ocrx_word' id='word_1_81' title='bbox 1045 924 1155 972; x_wconf 87' lang='lat' dir='ltr'><strong>facto,</strong></span> <span class='ocrx_word' id='word_1_82' title='bbox 1184 937 1231 961; x_wconf 83' lang='lat' dir='ltr'><strong>ex</strong></span> <span class='ocrx_word' id='word_1_83' title='bbox 1262 924 1438 962; x_wconf 87' lang='lat' dir='ltr'><strong>doctrina</strong></span> <span class='ocrx_word' id='word_1_84' title='bbox 1468 930 1623 972; x_wconf 85' lang='lat' dir='ltr'><strong>aposto-</strong></span> <span class='ocrx_word' id='word_1_85' title='bbox 1638 920 1873 980; x_wconf 44' lang='lat' dir='ltr'><strong>gssgffrfftacggng</strong></span> 
     </span>
    </p>
   </div>
   <div class='ocr_carea' id='block_1_10' title="bbox 297 987 1886 1053">
    <p class='ocr_par' dir='ltr' id='par_1_10' title="bbox 297 987 1886 1053">
     <span class='ocr_line' id='line_1_13' title="bbox 297 987 1886 1053; baseline -0.001 -22"><span class='ocrx_word' id='word_1_86' title='bbox 297 993 423 1032; x_wconf 88' lang='lat' dir='ltr'><strong>lorum</strong></span> <span class='ocrx_word' id='word_1_87' title='bbox 443 995 540 1044; x_wconf 90' lang='lat' dir='ltr'><strong>petri</strong></span> <span class='ocrx_word' id='word_1_88' title='bbox 559 1002 596 1032; x_wconf 88' lang='lat' dir='ltr'><strong>et</strong></span> <span class='ocrx_word' id='word_1_89' title='bbox 616 995 729 1043; x_wconf 88' lang='lat' dir='ltr'><strong>pauli,</strong></span> <span class='ocrx_word' id='word_1_90' title='bbox 751 1001 787 1032; x_wconf 87' lang='lat' dir='ltr'><strong>et</strong></span> <span class='ocrx_word' id='word_1_91' title='bbox 808 1007 854 1032; x_wconf 87' lang='lat' dir='ltr'><strong>ex</strong></span> <span class='ocrx_word' id='word_1_92' title='bbox 877 995 1050 1032; x_wconf 90' lang='lat' dir='ltr'><strong>doctrina</strong></span> <span class='ocrx_word' id='word_1_93' title='bbox 1071 1002 1292 1032; x_wconf 86' lang='lat' dir='ltr'><strong>sanctorum</strong></span> <span class='ocrx_word' id='word_1_94' title='bbox 1314 994 1514 1031; x_wconf 86' lang='lat' dir='ltr'><strong>doctorum</strong></span> <span class='ocrx_word' id='word_1_95' title='bbox 1535 1006 1623 1031; x_wconf 92' lang='lat' dir='ltr'><strong>cum</strong></span> <span class='ocrx_word' id='word_1_96' title='bbox 1638 987 1886 1053; x_wconf 51' lang='grc' dir='ltr'><strong>ξξὲθζῇζῃξοῇἃω·</strong></span> 
     </span>
    </p>
   </div>
   <div class='ocr_carea' id='block_1_11' title="bbox 247 1054 1864 1120">
    <p class='ocr_par' dir='ltr' id='par_1_11' title="bbox 247 1054 1864 1120">
     <span class='ocr_line' id='line_1_14' title="bbox 247 1054 1864 1120; baseline -0.004 -20"><span class='ocrx_word' id='word_1_97' title='bbox 247 1076 288 1101; x_wconf 88' lang='lat'><strong>10</strong></span> <span class='ocrx_word' id='word_1_98' title='bbox 300 1066 454 1104; x_wconf 88' lang='lat' dir='ltr'><strong>racione</strong></span> <span class='ocrx_word' id='word_1_99' title='bbox 497 1065 615 1103; x_wconf 87' lang='lat' dir='ltr'><strong>vivaci</strong></span> <span class='ocrx_word' id='word_1_100' title='bbox 665 1072 769 1114; x_wconf 88' lang='lat' dir='ltr'><strong>patet</strong></span> <span class='ocrx_word' id='word_1_101' title='bbox 815 1065 921 1115; x_wconf 89' lang='lat' dir='ltr'><strong>quod</strong></span> <span class='ocrx_word' id='word_1_102' title='bbox 968 1071 1117 1114; x_wconf 86' lang='lat' dir='ltr'><strong>oportet</strong></span> <span class='ocrx_word' id='word_1_103' title='bbox 1164 1066 1203 1102; x_wconf 89' lang='lat' dir='ltr'><strong>in</strong></span> <span class='ocrx_word' id='word_1_104' title='bbox 1251 1065 1445 1113; x_wconf 88' lang='lat' dir='ltr'><strong>republica</strong></span> <span class='ocrx_word' id='word_1_105' title='bbox 1493 1076 1623 1113; x_wconf 84' lang='lat' dir='ltr'><strong>regem</strong></span> <span class='ocrx_word' id='word_1_106' title='bbox 1639 1054 1864 1120; x_wconf 41' lang='lat' dir='ltr'><strong>3233ssthss</strong></span> 
     </span>
    </p>
   </div>
   <div class='ocr_carea' id='block_1_12' title="bbox 1638 1121 1869 1153">
    <p class='ocr_par' dir='ltr' id='par_1_12' title="bbox 1638 1121 1869 1153">
     <span class='ocr_line' id='line_1_15' title="bbox 1638 1121 1869 1153; baseline 0 -7"><span class='ocrx_word' id='word_1_107' title='bbox 1638 1122 1710 1146; x_wconf 78' lang='lat' dir='ltr'><strong>have</strong></span> <span class='ocrx_word' id='word_1_108' title='bbox 1723 1121 1869 1153; x_wconf 84' lang='lat' dir='ltr'><strong>pre-emin-</strong></span> 
     </span>
    </p>
   </div>
   <div class='ocr_carea' id='block_1_13' title="bbox 298 1135 1901 1186">
    <p class='ocr_par' dir='ltr' id='par_1_13' title="bbox 298 1135 1901 1186">
     <span class='ocr_line' id='line_1_16' title="bbox 298 1135 1901 1186; baseline -0.002 -12"><span class='ocrx_word' id='word_1_109' title='bbox 298 1136 516 1186; x_wconf 89' lang='lat' dir='ltr'><strong>precellere.</strong></span> <span class='ocrx_word' id='word_1_110' title='bbox 573 1135 720 1173; x_wconf 88' lang='lat' dir='ltr'><strong>Cristus</strong></span> <span class='ocrx_word' id='word_1_111' title='bbox 749 1136 852 1172; x_wconf 89' lang='lat' dir='ltr'><strong>enim</strong></span> <span class='ocrx_word' id='word_1_112' title='bbox 874 1148 1072 1184; x_wconf 84' lang='lat' dir='ltr'><strong>nunquam</strong></span> <span class='ocrx_word' id='word_1_113' title='bbox 1103 1135 1293 1173; x_wconf 80' lang='lat' dir='ltr'><strong>docuisset</strong></span> <span class='ocrx_word' id='word_1_114' title='bbox 1315 1136 1418 1172; x_wconf 88' lang='lat' dir='ltr'><strong>bona</strong></span> <span class='ocrx_word' id='word_1_115' title='bbox 1438 1147 1513 1184; x_wconf 88' lang='lat' dir='ltr'><strong>que</strong></span> <span class='ocrx_word' id='word_1_116' title='bbox 1535 1141 1623 1172; x_wconf 91' lang='lat' dir='ltr'><strong>sunt</strong></span> <span class='ocrx_word' id='word_1_117' title='bbox 1638 1163 1705 1180; x_wconf 58' lang='lat' dir='ltr'>enee</span> <span class='ocrx_word' id='word_1_118' title='bbox 1719 1155 1745 1179; x_wconf 66' lang='lat' dir='ltr'><strong>in</strong></span> <span class='ocrx_word' id='word_1_119' title='bbox 1761 1155 1807 1179; x_wconf 61' lang='lat' dir='ltr'><strong>the</strong></span> <span class='ocrx_word' id='word_1_120' title='bbox 1821 1160 1901 1179; x_wconf 59' lang='lat' dir='ltr'><strong>state,</strong></span> 
     </span>
    </p>
   </div>
   <div class='ocr_carea' id='block_1_14' title="bbox 298 1188 1906 1254">
    <p class='ocr_par' dir='ltr' id='par_1_14' title="bbox 298 1188 1906 1254">
     <span class='ocr_line' id='line_1_17' title="bbox 298 1188 1906 1254; baseline -0.002 -9"><span class='ocrx_word' id='word_1_121' title='bbox 298 1206 452 1245; x_wconf 85' lang='lat' dir='ltr'><strong>Cesaris</strong></span> <span class='ocrx_word' id='word_1_122' title='bbox 482 1206 677 1244; x_wconf 90' lang='lat' dir='ltr'><strong>reddenda</strong></span> <span class='ocrx_word' id='word_1_123' title='bbox 713 1206 846 1251; x_wconf 80' lang='lat' dir='ltr'><strong>cesari,</strong></span> <span class='ocrx_word' id='word_1_124' title='bbox 878 1206 949 1243; x_wconf 88' lang='lat' dir='ltr'><strong>nisi</strong></span> <span class='ocrx_word' id='word_1_125' title='bbox 987 1207 1239 1254; x_wconf 86' lang='lat' dir='ltr'><strong>approbasset</strong></span> <span class='ocrx_word' id='word_1_126' title='bbox 1273 1206 1354 1243; x_wconf 91' lang='lat' dir='ltr'><strong>eius</strong></span> <span class='ocrx_word' id='word_1_127' title='bbox 1388 1205 1557 1243; x_wconf 87' lang='lat' dir='ltr'><strong>officium</strong></span> <span class='ocrx_word' id='word_1_128' title='bbox 1589 1188 1906 1247; x_wconf 44' lang='lat' dir='ltr'><strong>etgicfu⁰11¹1ffi¹1rz¹ssss2&lt;⁵10f</strong></span> 
     </span>
    </p>
   </div>
   <div class='ocr_carea' id='block_1_15' title="bbox 297 1255 1903 1353">
    <p class='ocr_par' dir='ltr' id='par_1_15' title="bbox 297 1255 1903 1353">
     <span class='ocr_line' id='line_1_18' title="bbox 297 1255 1903 1346; baseline -0.001 -32"><span class='ocrx_word' id='word_1_129' title='bbox 297 1277 448 1315; x_wconf 88' lang='lat' dir='ltr'><strong>fecisset</strong></span> <span class='ocrx_word' id='word_1_130' title='bbox 468 1289 556 1313; x_wconf 90' lang='lat' dir='ltr'><strong>eum</strong></span> <span class='ocrx_word' id='word_1_131' title='bbox 577 1277 679 1314; x_wconf 92' lang='lat' dir='ltr'><strong>bone</strong></span> <span class='ocrx_word' id='word_1_132' title='bbox 703 1276 791 1313; x_wconf 88' lang='lat' dir='ltr'><strong>fidei</strong></span> <span class='ocrx_word' id='word_1_133' title='bbox 819 1288 1107 1326; x_wconf 86' lang='lat' dir='ltr'><strong>possessorem;</strong></span> <span class='ocrx_word' id='word_1_134' title='bbox 1139 1289 1210 1313; x_wconf 91' lang='lat' dir='ltr'><strong>nec</strong></span> <span class='ocrx_word' id='word_1_135' title='bbox 1231 1288 1438 1325; x_wconf 90' lang='lat' dir='ltr'><strong>possumus</strong></span> <span class='ocrx_word' id='word_1_136' title='bbox 1464 1276 1625 1325; x_wconf 87' lang='lat' dir='ltr'><strong>probare</strong></span> <span class='ocrx_word' id='word_1_137' title='bbox 1639 1255 1903 1346; x_wconf 39' lang='lat' dir='ltr'><strong>gngodssffiffigaZt-c.</strong></span> 
     </span>
     <span class='ocr_line' id='line_1_19' title="bbox 1639 1327 1837 1353; baseline -0.005 -7"><span class='ocrx_word' id='word_1_138' title='bbox 1639 1330 1725 1353; x_wconf 70' lang='lat' dir='ltr'><strong>prova</strong></span> <span class='ocrx_word' id='word_1_139' title='bbox 1749 1330 1765 1346; x_wconf 92' lang='lat'>0</span> <span class='ocrx_word' id='word_1_140' title='bbox 1790 1327 1799 1345; x_wconf 74' lang='lat' dir='ltr'>t</span> <span class='ocrx_word' id='word_1_141' title='bbox 1822 1329 1837 1345; x_wconf 71' lang='grc' dir='ltr'>Ε</span> 
     </span>
    </p>
   </div>
   <div class='ocr_carea' id='block_1_16' title="bbox 247 1344 1853 1819">
    <p class='ocr_par' dir='ltr' id='par_1_16' title="bbox 247 1344 1853 1819">
     <span class='ocr_line' id='line_1_20' title="bbox 299 1344 1853 1396; baseline -0.003 -12"><span class='ocrx_word' id='word_1_142' title='bbox 299 1348 520 1396; x_wconf 90' lang='lat' dir='ltr'><strong>sompnium</strong></span> <span class='ocrx_word' id='word_1_143' title='bbox 537 1354 708 1384; x_wconf 89' lang='lat' dir='ltr'><strong>nostrum</strong></span> <span class='ocrx_word' id='word_1_144' title='bbox 725 1347 763 1383; x_wconf 92' lang='lat' dir='ltr'><strong>in</strong></span> <span class='ocrx_word' id='word_1_145' title='bbox 779 1347 884 1396; x_wconf 89' lang='lat' dir='ltr'><strong>quod</strong></span> <span class='ocrx_word' id='word_1_146' title='bbox 905 1347 1188 1395; x_wconf 86' lang='lat' dir='ltr'><strong>prorumpimus</strong></span> <span class='ocrx_word' id='word_1_147' title='bbox 1204 1346 1309 1396; x_wconf 89' lang='lat' dir='ltr'><strong>quod</strong></span> <span class='ocrx_word' id='word_1_148' title='bbox 1330 1346 1398 1383; x_wconf 84' lang='lat' dir='ltr'><strong>fuit</strong></span> <span class='ocrx_word' id='word_1_149' title='bbox 1419 1346 1598 1383; x_wconf 89' lang='lat' dir='ltr'><strong>continue</strong></span> <span class='ocrx_word' id='word_1_150' title='bbox 1612 1344 1626 1365; x_wconf 74' lang='lat'>²</span> <span class='ocrx_word' id='word_1_151' title='bbox 1642 1355 1750 1388; x_wconf 75' lang='lat' dir='ltr'><strong>Kingly</strong></span> <span class='ocrx_word' id='word_1_152' title='bbox 1763 1354 1853 1381; x_wconf 81' lang='lat' dir='ltr'><strong>office.</strong></span> 
     </span>
     <span class='ocr_line' id='line_1_21' title="bbox 248 1416 1627 1466; baseline -0.001 -11"><span class='ocrx_word' id='word_1_153' title='bbox 248 1417 487 1459; x_wconf 82' lang='lat' dir='ltr'><strong>15infide1is³.</strong></span> <span class='ocrx_word' id='word_1_154' title='bbox 561 1416 706 1454; x_wconf 85' lang='lat' dir='ltr'><strong>Ymmo</strong></span> <span class='ocrx_word' id='word_1_155' title='bbox 754 1417 850 1454; x_wconf 90' lang='lat' dir='ltr'><strong>sicut</strong></span> <span class='ocrx_word' id='word_1_156' title='bbox 884 1417 1122 1466; x_wconf 83' lang='lat' dir='ltr'><strong>Augustinus</strong></span> <span class='ocrx_word' id='word_1_157' title='bbox 1163 1423 1200 1454; x_wconf 91' lang='lat' dir='ltr'><strong>et</strong></span> <span class='ocrx_word' id='word_1_158' title='bbox 1238 1417 1433 1454; x_wconf 90' lang='lat' dir='ltr'><strong>decretum</strong></span> <span class='ocrx_word' id='word_1_159' title='bbox 1470 1416 1627 1454; x_wconf 87' lang='lat' dir='ltr'><strong>ecclesie</strong></span> 
     </span>
     <span class='ocr_line' id='line_1_22' title="bbox 299 1487 1629 1538; baseline -0.002 -12"><span class='ocrx_word' id='word_1_160' title='bbox 299 1495 477 1538; x_wconf 87' lang='lat' dir='ltr'><strong>reputant</strong></span> <span class='ocrx_word' id='word_1_161' title='bbox 497 1487 862 1526; x_wconf 83' lang='lat' dir='ltr'><strong>Nabuchodonosor</strong></span> <span class='ocrx_word' id='word_1_162' title='bbox 892 1494 1077 1533; x_wconf 88' lang='lat' dir='ltr'><strong>sanctum,</strong></span> <span class='ocrx_word' id='word_1_163' title='bbox 1109 1499 1188 1525; x_wconf 93' lang='lat' dir='ltr'><strong>non</strong></span> <span class='ocrx_word' id='word_1_164' title='bbox 1218 1488 1395 1524; x_wconf 86' lang='lat' dir='ltr'><strong>obstante</strong></span> <span class='ocrx_word' id='word_1_165' title='bbox 1425 1487 1530 1536; x_wconf 88' lang='lat' dir='ltr'><strong>quod</strong></span> <span class='ocrx_word' id='word_1_166' title='bbox 1560 1487 1629 1524; x_wconf 88' lang='lat' dir='ltr'><strong>fuit</strong></span> 
     </span>
     <span class='ocr_line' id='line_1_23' title="bbox 300 1558 1628 1609; baseline -0.002 -12"><span class='ocrx_word' id='word_1_167' title='bbox 300 1566 496 1609; x_wconf 89' lang='lat' dir='ltr'><strong>reputatus</strong></span> <span class='ocrx_word' id='word_1_168' title='bbox 515 1559 676 1596; x_wconf 91' lang='lat' dir='ltr'><strong>omnino</strong></span> <span class='ocrx_word' id='word_1_169' title='bbox 697 1566 804 1596; x_wconf 86' lang='lat' dir='ltr'><strong>extra</strong></span> <span class='ocrx_word' id='word_1_170' title='bbox 824 1558 976 1608; x_wconf 88' lang='lat' dir='ltr'><strong>plebem</strong></span> <span class='ocrx_word' id='word_1_171' title='bbox 998 1558 1179 1604; x_wconf 90' lang='lat' dir='ltr'><strong>fidelium,</strong></span> <span class='ocrx_word' id='word_1_172' title='bbox 1202 1559 1254 1596; x_wconf 90' lang='lat' dir='ltr'><strong>sic</strong></span> <span class='ocrx_word' id='word_1_173' title='bbox 1275 1558 1495 1596; x_wconf 89' lang='lat' dir='ltr'><strong>evidencius</strong></span> <span class='ocrx_word' id='word_1_174' title='bbox 1523 1558 1628 1595; x_wconf 88' lang='lat' dir='ltr'><strong>credi</strong></span> 
     </span>
     <span class='ocr_line' id='line_1_24' title="bbox 299 1629 1628 1680; baseline -0.002 -13"><span class='ocrx_word' id='word_1_175' title='bbox 299 1638 428 1680; x_wconf 87' lang='lat' dir='ltr'><strong>potest</strong></span> <span class='ocrx_word' id='word_1_176' title='bbox 448 1630 495 1667; x_wconf 94' lang='lat' dir='ltr'><strong>de</strong></span> <span class='ocrx_word' id='word_1_177' title='bbox 517 1630 656 1668; x_wconf 88' lang='lat' dir='ltr'><strong>Cesare</strong></span> <span class='ocrx_word' id='word_1_178' title='bbox 678 1631 747 1667; x_wconf 90' lang='lat' dir='ltr'><strong>sub</strong></span> <span class='ocrx_word' id='word_1_179' title='bbox 768 1630 874 1667; x_wconf 88' lang='lat' dir='ltr'><strong>cuius</strong></span> <span class='ocrx_word' id='word_1_180' title='bbox 895 1629 1056 1678; x_wconf 88' lang='lat' dir='ltr'><strong>imperio</strong></span> <span class='ocrx_word' id='word_1_181' title='bbox 1077 1642 1143 1667; x_wconf 80' lang='lat' dir='ltr'><strong>rex</strong></span> <span class='ocrx_word' id='word_1_182' title='bbox 1165 1629 1350 1678; x_wconf 82' lang='lat' dir='ltr'><strong>pacificus</strong></span> <span class='ocrx_word' id='word_1_183' title='bbox 1371 1629 1476 1666; x_wconf 87' lang='lat' dir='ltr'><strong>nasci</strong></span> <span class='ocrx_word' id='word_1_184' title='bbox 1497 1629 1628 1674; x_wconf 87' lang='lat' dir='ltr'><strong>voluit,</strong></span> 
     </span>
     <span class='ocr_line' id='line_1_25' title="bbox 301 1699 1629 1749; baseline -0.002 -11"><span class='ocrx_word' id='word_1_185' title='bbox 301 1701 503 1749; x_wconf 84' lang='lat' dir='ltr'><strong>didragma</strong></span> <span class='ocrx_word' id='word_1_186' title='bbox 523 1713 594 1749; x_wconf 92' lang='lat' dir='ltr'><strong>pro</strong></span> <span class='ocrx_word' id='word_1_187' title='bbox 618 1712 657 1738; x_wconf 90' lang='lat' dir='ltr'><strong>se</strong></span> <span class='ocrx_word' id='word_1_188' title='bbox 679 1701 750 1738; x_wconf 92' lang='lat' dir='ltr'><strong>sibi</strong></span> <span class='ocrx_word' id='word_1_189' title='bbox 778 1700 921 1738; x_wconf 83' lang='lat' dir='ltr'><strong>solvere</strong></span> <span class='ocrx_word' id='word_1_190' title='bbox 942 1706 978 1737; x_wconf 92' lang='lat' dir='ltr'><strong>et</strong></span> <span class='ocrx_word' id='word_1_191' title='bbox 998 1700 1094 1737; x_wconf 86' lang='lat' dir='ltr'><strong>alios</strong></span> <span class='ocrx_word' id='word_1_192' title='bbox 1116 1700 1241 1737; x_wconf 91' lang='lat' dir='ltr'><strong>verbis</strong></span> <span class='ocrx_word' id='word_1_193' title='bbox 1271 1699 1460 1748; x_wconf 84' lang='lat' dir='ltr'><strong>expressis</strong></span> <span class='ocrx_word' id='word_1_194' title='bbox 1489 1699 1629 1737; x_wconf 89' lang='lat' dir='ltr'><strong>docere</strong></span> 
     </span>
     <span class='ocr_line' id='line_1_26' title="bbox 247 1770 1629 1819; baseline -0.002 -9"><span class='ocrx_word' id='word_1_195' title='bbox 247 1787 288 1810; x_wconf 80' lang='lat'><strong>20</strong></span> <span class='ocrx_word' id='word_1_196' title='bbox 301 1780 341 1810; x_wconf 92' lang='lat' dir='ltr'><strong>ut</strong></span> <span class='ocrx_word' id='word_1_197' title='bbox 363 1772 434 1809; x_wconf 91' lang='lat' dir='ltr'><strong>sibi</strong></span> <span class='ocrx_word' id='word_1_198' title='bbox 454 1771 657 1808; x_wconf 87' lang='lat' dir='ltr'><strong>redderent</strong></span> <span class='ocrx_word' id='word_1_199' title='bbox 677 1772 779 1808; x_wconf 88' lang='lat' dir='ltr'><strong>bona</strong></span> <span class='ocrx_word' id='word_1_200' title='bbox 800 1783 877 1808; x_wconf 87' lang='lat' dir='ltr'><strong>sua.</strong></span> <span class='ocrx_word' id='word_1_201' title='bbox 938 1770 1087 1816; x_wconf 89' lang='lat' dir='ltr'><strong>Videat,</strong></span> <span class='ocrx_word' id='word_1_202' title='bbox 1109 1782 1216 1818; x_wconf 84' lang='lat' dir='ltr'><strong>rogo,</strong></span> <span class='ocrx_word' id='word_1_203' title='bbox 1236 1778 1422 1808; x_wconf 88' lang='lat' dir='ltr'><strong>scrutator</strong></span> <span class='ocrx_word' id='word_1_204' title='bbox 1443 1770 1629 1819; x_wconf 87' lang='lat' dir='ltr'><strong>scripture</strong></span> 
     </span>
    </p>
   </div>
   <div class='ocr_carea' id='block_1_17' title="bbox 302 1840 1841 1907">
    <p class='ocr_par' dir='ltr' id='par_1_17' title="bbox 302 1840 1841 1907">
     <span class='ocr_line' id='line_1_27' title="bbox 302 1840 1841 1907; baseline -0.003 -28"><span class='ocrx_word' id='word_1_205' title='bbox 302 1843 333 1881; x_wconf 90' lang='lat' dir='ltr'><strong>si</strong></span> <span class='ocrx_word' id='word_1_206' title='bbox 372 1849 451 1880; x_wconf 91' lang='lat' dir='ltr'><strong>tam</strong></span> <span class='ocrx_word' id='word_1_207' title='bbox 501 1848 673 1891; x_wconf 89' lang='lat' dir='ltr'><strong>patenter</strong></span> <span class='ocrx_word' id='word_1_208' title='bbox 711 1841 887 1878; x_wconf 74' lang='lat' dir='ltr'><strong>fundari⁴</strong></span> <span class='ocrx_word' id='word_1_209' title='bbox 925 1847 1053 1891; x_wconf 85' lang='lat' dir='ltr'><strong>potest</strong></span> <span class='ocrx_word' id='word_1_210' title='bbox 1092 1841 1162 1878; x_wconf 79' lang='lat' dir='ltr'><strong>ista</strong></span> <span class='ocrx_word' id='word_1_211' title='bbox 1205 1848 1375 1890; x_wconf 85' lang='lat' dir='ltr'><strong>potestas</strong></span> <span class='ocrx_word' id='word_1_212' title='bbox 1422 1853 1531 1890; x_wconf 87' lang='lat' dir='ltr'><strong>pape,</strong></span> <span class='ocrx_word' id='word_1_213' title='bbox 1572 1841 1628 1877; x_wconf 91' lang='lat' dir='ltr'><strong>vel</strong></span> <span class='ocrx_word' id='word_1_214' title='bbox 1643 1842 1678 1907; x_wconf 47' lang='grc' dir='ltr'><strong>ἐξ</strong></span> <span class='ocrx_word' id='word_1_215' title='bbox 1682 1840 1841 1900; x_wconf 46' lang='grc' dir='ltr'><strong>ᾆὶὲῗροῖυὲιζ</strong></span> 
     </span>
    </p>
   </div>
   <div class='ocr_carea' id='block_1_18' title="bbox 299 1907 1931 2102">
    <p class='ocr_par' dir='ltr' id='par_1_18' title="bbox 299 1907 1931 2102">
     <span class='ocr_line' id='line_1_28' title="bbox 299 1907 1879 1974; baseline -0.003 -23"><span class='ocrx_word' id='word_1_216' title='bbox 299 1914 456 1952; x_wconf 86' lang='lat' dir='ltr'><strong>exaccio</strong></span> <span class='ocrx_word' id='word_1_217' title='bbox 476 1924 593 1962; x_wconf 91' lang='lat' dir='ltr'><strong>quam</strong></span> <span class='ocrx_word' id='word_1_218' title='bbox 622 1913 702 1962; x_wconf 90' lang='lat' dir='ltr'><strong>ipse</strong></span> <span class='ocrx_word' id='word_1_219' title='bbox 723 1920 760 1949; x_wconf 89' lang='lat' dir='ltr'><strong>et</strong></span> <span class='ocrx_word' id='word_1_220' title='bbox 780 1912 913 1949; x_wconf 85' lang='lat' dir='ltr'><strong>fratres</strong></span> <span class='ocrx_word' id='word_1_221' title='bbox 935 1912 991 1949; x_wconf 90' lang='lat' dir='ltr'><strong>sui</strong></span> <span class='ocrx_word' id='word_1_222' title='bbox 1013 1912 1171 1961; x_wconf 83' lang='lat' dir='ltr'><strong>exigunt</strong></span> <span class='ocrx_word' id='word_1_223' title='bbox 1201 1924 1223 1948; x_wconf 94' lang='lat' dir='ltr'><strong>a</strong></span> <span class='ocrx_word' id='word_1_224' title='bbox 1244 1924 1413 1960; x_wconf 83' lang='lat' dir='ltr'><strong>paupere</strong></span> <span class='ocrx_word' id='word_1_225' title='bbox 1435 1912 1536 1949; x_wconf 91' lang='lat' dir='ltr'><strong>clero</strong></span> <span class='ocrx_word' id='word_1_226' title='bbox 1559 1911 1628 1948; x_wconf 90' lang='lat' dir='ltr'><strong>sibi</strong></span> <span class='ocrx_word' id='word_1_227' title='bbox 1643 1907 1879 1974; x_wconf 50' lang='lat' dir='ltr'><strong>sssssscgssffiff‘e‘ssgy</strong></span> 
     </span>
     <span class='ocr_line' id='line_1_29' title="bbox 1644 1974 1873 2000; baseline -0.009 0"><span class='ocrx_word' id='word_1_228' title='bbox 1644 1976 1734 2000; x_wconf 86' lang='lat' dir='ltr'><strong>better</strong></span> <span class='ocrx_word' id='word_1_229' title='bbox 1750 1974 1873 2000; x_wconf 82' lang='lat' dir='ltr'><strong>founded</strong></span> 
     </span>
     <span class='ocr_line' id='line_1_30' title="bbox 1643 2007 1874 2049; baseline -0.009 -15"><span class='ocrx_word' id='word_1_230' title='bbox 1643 2008 1779 2049; x_wconf 53' lang='lat' dir='ltr'><strong>tharrthis</strong></span> <span class='ocrx_word' id='word_1_231' title='bbox 1793 2007 1874 2033; x_wconf 83' lang='lat' dir='ltr'><strong>claim</strong></span> 
     </span>
     <span class='ocr_line' id='line_1_31' title="bbox 300 2043 1931 2102; baseline -0.002 -10"><span class='ocrx_word' id='word_1_232' title='bbox 300 2055 518 2092; x_wconf 89' lang='lat' dir='ltr'><strong>seculariter</strong></span> <span class='ocrx_word' id='word_1_233' title='bbox 538 2054 793 2092; x_wconf 88' lang='lat' dir='ltr'><strong>dominentur.</strong></span> <span class='ocrx_word' id='word_1_234' title='bbox 852 2053 925 2091; x_wconf 89' lang='lat' dir='ltr'><strong>Vel</strong></span> <span class='ocrx_word' id='word_1_235' title='bbox 946 2053 1137 2090; x_wconf 88' lang='lat' dir='ltr'><strong>credimus</strong></span> <span class='ocrx_word' id='word_1_236' title='bbox 1157 2060 1332 2090; x_wconf 84' lang='lat' dir='ltr'><strong>sanctum</strong></span> <span class='ocrx_word' id='word_1_237' title='bbox 1358 2053 1576 2102; x_wconf 88' lang='lat' dir='ltr'><strong>apostolum</strong></span> <span class='ocrx_word' id='word_1_238' title='bbox 1607 2043 1682 2102; x_wconf 48' lang='lat' dir='ltr'><strong>assir,</strong></span> <span class='ocrx_word' id='word_1_239' title='bbox 1696 2043 1834 2101; x_wconf 39' lang='lat' dir='ltr'><strong>&amp;1322ss</strong></span> <span class='ocrx_word' id='word_1_240' title='bbox 1883 2056 1931 2095; x_wconf 47' lang='grc' dir='ltr'>Χ</span> 
     </span>
    </p>
   </div>
   <div class='ocr_carea' id='block_1_19' title="bbox 248 2107 1888 2173">
    <p class='ocr_par' dir='ltr' id='par_1_19' title="bbox 248 2107 1888 2173">
     <span class='ocr_line' id='line_1_32' title="bbox 248 2107 1888 2173; baseline -0.001 -13"><span class='ocrx_word' id='word_1_241' title='bbox 248 2138 287 2171; x_wconf 85' lang='lat'><strong>²5</strong></span> <span class='ocrx_word' id='word_1_242' title='bbox 302 2137 538 2163; x_wconf 87' lang='lat' dir='ltr'><strong>summorum</strong></span> <span class='ocrx_word' id='word_1_243' title='bbox 574 2125 818 2162; x_wconf 86' lang='lat' dir='ltr'><strong>sacerdotum</strong></span> <span class='ocrx_word' id='word_1_244' title='bbox 848 2125 984 2161; x_wconf 87' lang='lat' dir='ltr'><strong>iniuria</strong></span> <span class='ocrx_word' id='word_1_245' title='bbox 1023 2136 1193 2161; x_wconf 84' lang='lat' dir='ltr'><strong>cesarem</strong></span> <span class='ocrx_word' id='word_1_246' title='bbox 1224 2124 1437 2172; x_wconf 84' lang='lat' dir='ltr'><strong>appellasse</strong></span> <span class='ocrx_word' id='word_1_247' title='bbox 1466 2124 1494 2159; x_wconf 88' lang='lat' dir='ltr'><strong>si</strong></span> <span class='ocrx_word' id='word_1_248' title='bbox 1518 2107 1888 2173; x_wconf 51' lang='grc' dir='ltr'><strong>τερυ-ῗῗξξξιῐῖξῗζζῑζῗζ</strong></span> 
     </span>
    </p>
   </div>
   <div class='ocr_carea' id='block_1_20' title="bbox 302 2176 1750 2243">
    <p class='ocr_par' dir='ltr' id='par_1_20' title="bbox 302 2176 1750 2243">
     <span class='ocr_line' id='line_1_33' title="bbox 302 2176 1750 2243; baseline -0.002 -10"><span class='ocrx_word' id='word_1_249' title='bbox 302 2203 417 2234; x_wconf 89' lang='lat' dir='ltr'><strong>tasset</strong></span> <span class='ocrx_word' id='word_1_250' title='bbox 451 2196 531 2233; x_wconf 90' lang='lat' dir='ltr'><strong>eius</strong></span> <span class='ocrx_word' id='word_1_251' title='bbox 569 2196 737 2233; x_wconf 85' lang='lat' dir='ltr'><strong>officium</strong></span> <span class='ocrx_word' id='word_1_252' title='bbox 777 2196 938 2232; x_wconf 89' lang='lat' dir='ltr'><strong>omnino</strong></span> <span class='ocrx_word' id='word_1_253' title='bbox 977 2195 1174 2231; x_wconf 84' lang='lat' dir='ltr'><strong>nefarium.</strong></span> <span class='ocrx_word' id='word_1_254' title='bbox 1233 2194 1325 2231; x_wconf 91' lang='lat' dir='ltr'><strong>Non</strong></span> <span class='ocrx_word' id='word_1_255' title='bbox 1363 2194 1465 2231; x_wconf 89' lang='lat' dir='ltr'><strong>enirn</strong></span> <span class='ocrx_word' id='word_1_256' title='bbox 1504 2176 1750 2243; x_wconf 58' lang='lat' dir='ltr'><strong>petivitcaeffl‘</strong></span> 
     </span>
    </p>
   </div>
   <div class='ocr_carea' id='block_1_21' title="bbox 299 1982 1629 2032">
    <p class='ocr_par' dir='ltr' id='par_1_21' title="bbox 299 1982 1629 2032">
     <span class='ocr_line' id='line_1_34' title="bbox 299 1982 1629 2032; baseline -0.002 -10"><span class='ocrx_word' id='word_1_257' title='bbox 299 1984 484 2028; x_wconf 89' lang='lat' dir='ltr'><strong>subiecto,</strong></span> <span class='ocrx_word' id='word_1_258' title='bbox 521 1995 610 2019; x_wconf 90' lang='lat' dir='ltr'><strong>cum</strong></span> <span class='ocrx_word' id='word_1_259' title='bbox 646 1984 779 2021; x_wconf 89' lang='lat' dir='ltr'><strong>beatus</strong></span> <span class='ocrx_word' id='word_1_260' title='bbox 808 1990 937 2032; x_wconf 88' lang='lat' dir='ltr'><strong>petrus</strong></span> <span class='ocrx_word' id='word_1_261' title='bbox 966 1983 1019 2020; x_wconf 89' lang='lat' dir='ltr'><strong>eis</strong></span> <span class='ocrx_word' id='word_1_262' title='bbox 1048 1982 1242 2031; x_wconf 84' lang='lat' dir='ltr'><strong>precepit⁵</strong></span> <span class='ocrx_word' id='word_1_263' title='bbox 1276 1982 1340 2019; x_wconf 79' lang='lat' dir='ltr'><strong>ut⁶</strong></span> <span class='ocrx_word' id='word_1_264' title='bbox 1378 1994 1458 2019; x_wconf 90' lang='lat' dir='ltr'><strong>non</strong></span> <span class='ocrx_word' id='word_1_265' title='bbox 1497 1982 1629 2019; x_wconf 87' lang='lat' dir='ltr'><strong>saltem</strong></span> 
     </span>
    </p>
   </div>
   <div class='ocr_carea' id='block_1_22' title="bbox 302 2264 1875 2329">
    <p class='ocr_par' dir='ltr' id='par_1_22' title="bbox 302 2264 1875 2329">
     <span class='ocr_line' id='line_1_35' title="bbox 302 2264 1875 2329; baseline -0.002 -25"><span class='ocrx_word' id='word_1_266' title='bbox 302 2267 485 2316; x_wconf 86' lang='lat' dir='ltr'><strong>ydolatrie</strong></span> <span class='ocrx_word' id='word_1_267' title='bbox 506 2267 563 2304; x_wconf 88' lang='lat' dir='ltr'><strong>vel</strong></span> <span class='ocrx_word' id='word_1_268' title='bbox 585 2267 737 2303; x_wconf 85' lang='lat' dir='ltr'><strong>alterius</strong></span> <span class='ocrx_word' id='word_1_269' title='bbox 757 2265 983 2303; x_wconf 83' lang='lat' dir='ltr'><strong>execrabilis</strong></span> <span class='ocrx_word' id='word_1_270' title='bbox 1005 2265 1092 2302; x_wconf 88' lang='lat' dir='ltr'><strong>facti</strong></span> <span class='ocrx_word' id='word_1_271' title='bbox 1123 2265 1358 2314; x_wconf 81' lang='lat' dir='ltr'><strong>suffragium.</strong></span> <span class='ocrx_word' id='word_1_272' title='bbox 1415 2264 1463 2301; x_wconf 78' lang='lat' dir='ltr'><strong>Et</strong></span> <span class='ocrx_word' id='word_1_273' title='bbox 1484 2276 1562 2313; x_wconf 91' lang='lat' dir='ltr'><strong>quo</strong></span> <span class='ocrx_word' id='word_1_274' title='bbox 1584 2264 1630 2301; x_wconf 86' lang='lat' dir='ltr'><strong>ad</strong></span> <span class='ocrx_word' id='word_1_275' title='bbox 1644 2269 1779 2329; x_wconf 40' lang='lat' dir='ltr'><strong>(gyezi-&#39;se</strong></span> <span class='ocrx_word' id='word_1_276' title='bbox 1797 2268 1875 2301; x_wconf 75' lang='lat' dir='ltr'><strong>Holy</strong></span> 
     </span>
    </p>
   </div>
   <div class='ocr_carea' id='block_1_23' title="bbox 247 2325 1828 2668">
    <p class='ocr_par' dir='ltr' id='par_1_23' title="bbox 302 2325 1634 2457">
     <span class='ocr_line' id='line_1_36' title="bbox 302 2325 1633 2385; baseline -0.003 -10"><span class='ocrx_word' id='word_1_277' title='bbox 302 2345 458 2376; x_wconf 86' lang='lat' dir='ltr'><strong>sanctos</strong></span> <span class='ocrx_word' id='word_1_278' title='bbox 489 2337 668 2374; x_wconf 92' lang='lat' dir='ltr'><strong>doctores</strong></span> <span class='ocrx_word' id='word_1_279' title='bbox 698 2343 801 2385; x_wconf 88' lang='lat' dir='ltr'><strong>patet</strong></span> <span class='ocrx_word' id='word_1_280' title='bbox 828 2335 932 2384; x_wconf 86' lang='lat' dir='ltr'><strong>quod</strong></span> <span class='ocrx_word' id='word_1_281' title='bbox 962 2325 1041 2372; x_wconf 81' lang='lat' dir='ltr'><strong>non</strong></span> <span class='ocrx_word' id='word_1_282' title='bbox 1071 2336 1123 2373; x_wconf 87' lang='lat' dir='ltr'><strong>sic</strong></span> <span class='ocrx_word' id='word_1_283' title='bbox 1154 2335 1368 2372; x_wconf 86' lang='lat' dir='ltr'><strong>necessitati</strong></span> <span class='ocrx_word' id='word_1_284' title='bbox 1398 2334 1557 2372; x_wconf 80' lang='lat' dir='ltr'><strong>fuissent</strong></span> <span class='ocrx_word' id='word_1_285' title='bbox 1587 2335 1633 2371; x_wconf 92' lang='lat' dir='ltr'><strong>de</strong></span> 
     </span>
     <span class='ocr_line' id='line_1_37' title="bbox 303 2405 1634 2457; baseline -0.003 -12"><span class='ocrx_word' id='word_1_286' title='bbox 303 2408 489 2457; x_wconf 89' lang='lat' dir='ltr'><strong>scriptura</strong></span> <span class='ocrx_word' id='word_1_287' title='bbox 508 2415 544 2445; x_wconf 90' lang='lat' dir='ltr'><strong>et</strong></span> <span class='ocrx_word' id='word_1_288' title='bbox 565 2414 750 2456; x_wconf 89' lang='lat' dir='ltr'><strong>potestate</strong></span> <span class='ocrx_word' id='word_1_289' title='bbox 772 2407 886 2455; x_wconf 84' lang='lat' dir='ltr'><strong>regia,</strong></span> <span class='ocrx_word' id='word_1_290' title='bbox 910 2406 1122 2455; x_wconf 88' lang='lat' dir='ltr'><strong>specialiter</strong></span> <span class='ocrx_word' id='word_1_291' title='bbox 1150 2417 1237 2443; x_wconf 89' lang='lat' dir='ltr'><strong>curn</strong></span> <span class='ocrx_word' id='word_1_292' title='bbox 1267 2412 1346 2442; x_wconf 88' lang='lat' dir='ltr'><strong>tam</strong></span> <span class='ocrx_word' id='word_1_293' title='bbox 1376 2405 1634 2442; x_wconf 81' lang='lat' dir='ltr'><strong>exhorrebant</strong></span> 
     </span>
    </p>

    <p class='ocr_par' dir='ltr' id='par_1_24' title="bbox 247 2476 1828 2668">
     <span class='ocr_line' id='line_1_38' title="bbox 247 2476 1634 2529; baseline -0.003 -13"><span class='ocrx_word' id='word_1_294' title='bbox 247 2497 290 2529; x_wconf 81' lang='lat'><strong>30</strong></span> <span class='ocrx_word' id='word_1_295' title='bbox 303 2479 548 2516; x_wconf 87' lang='lat' dir='ltr'><strong>mendacium</strong></span> <span class='ocrx_word' id='word_1_296' title='bbox 586 2484 623 2515; x_wconf 90' lang='lat' dir='ltr'><strong>et</strong></span> <span class='ocrx_word' id='word_1_297' title='bbox 670 2477 831 2515; x_wconf 89' lang='lat' dir='ltr'><strong>heresim</strong></span> <span class='ocrx_word' id='word_1_298' title='bbox 879 2476 926 2514; x_wconf 90' lang='lat' dir='ltr'><strong>de</strong></span> <span class='ocrx_word' id='word_1_299' title='bbox 973 2488 1099 2514; x_wconf 90' lang='lat' dir='ltr'><strong>errore</strong></span> <span class='ocrx_word' id='word_1_300' title='bbox 1145 2488 1280 2513; x_wconf 89' lang='lat' dir='ltr'><strong>sensus</strong></span> <span class='ocrx_word' id='word_1_301' title='bbox 1323 2477 1521 2525; x_wconf 86' lang='lat' dir='ltr'><strong>scripture,</strong></span> <span class='ocrx_word' id='word_1_302' title='bbox 1562 2487 1634 2513; x_wconf 89' lang='lat' dir='ltr'><strong>nec</strong></span> 
     </span>
     <span class='ocr_line' id='line_1_39' title="bbox 303 2546 1632 2596; baseline -0.003 -10"><span class='ocrx_word' id='word_1_303' title='bbox 303 2549 535 2587; x_wconf 83' lang='lat' dir='ltr'><strong>affectabant</strong></span> <span class='ocrx_word' id='word_1_304' title='bbox 579 2548 717 2586; x_wconf 88' lang='lat' dir='ltr'><strong>habere</strong></span> <span class='ocrx_word' id='word_1_305' title='bbox 756 2548 829 2585; x_wconf 83' lang='lat' dir='ltr'><strong>⁷de</strong></span> <span class='ocrx_word' id='word_1_306' title='bbox 875 2547 1030 2596; x_wconf 84' lang='lat' dir='ltr'><strong>regibus</strong></span> <span class='ocrx_word' id='word_1_307' title='bbox 1077 2547 1321 2584; x_wconf 86' lang='lat' dir='ltr'><strong>dotacionem</strong></span> <span class='ocrx_word' id='word_1_308' title='bbox 1359 2546 1417 2583; x_wconf 76' lang='lat' dir='ltr'><strong>vel</strong></span> <span class='ocrx_word' id='word_1_309' title='bbox 1456 2553 1632 2595; x_wconf 89' lang='lat' dir='ltr'><strong>questum</strong></span> 
     </span>
     <span class='ocr_line' id='line_1_40' title="bbox 302 2616 1828 2668; baseline -0.004 -11"><span class='ocrx_word' id='word_1_310' title='bbox 302 2627 506 2657; x_wconf 89' lang='lat' dir='ltr'><strong>terrenum.</strong></span> <span class='ocrx_word' id='word_1_311' title='bbox 562 2619 612 2656; x_wconf 87' lang='lat' dir='ltr'><strong>Et</strong></span> <span class='ocrx_word' id='word_1_312' title='bbox 639 2619 698 2656; x_wconf 92' lang='lat' dir='ltr'><strong>ille</strong></span> <span class='ocrx_word' id='word_1_313' title='bbox 720 2619 785 2668; x_wconf 91' lang='lat' dir='ltr'><strong>qui</strong></span> <span class='ocrx_word' id='word_1_314' title='bbox 813 2625 921 2655; x_wconf 85' lang='lat' dir='ltr'><strong>notat</strong></span> <span class='ocrx_word' id='word_1_315' title='bbox 944 2616 961 2636; x_wconf 83' lang='lat'><em>*</em></span> <span class='ocrx_word' id='word_1_316' title='bbox 983 2630 1030 2654; x_wconf 87' lang='lat' dir='ltr'><strong>ex</strong></span> <span class='ocrx_word' id='word_1_317' title='bbox 1052 2617 1155 2654; x_wconf 88' lang='lat' dir='ltr'><strong>dicto</strong></span> <span class='ocrx_word' id='word_1_318' title='bbox 1184 2617 1283 2654; x_wconf 88' lang='lat' dir='ltr'><strong>beati</strong></span> <span class='ocrx_word' id='word_1_319' title='bbox 1308 2616 1403 2666; x_wconf 85' lang='lat' dir='ltr'><strong>petri</strong></span> <span class='ocrx_word' id='word_1_320' title='bbox 1433 2617 1630 2665; x_wconf 90' lang='lat' dir='ltr'><strong>quomodo</strong></span> <span class='ocrx_word' id='word_1_321' title='bbox 1644 2626 1828 2659; x_wconf 73' lang='lat' dir='ltr'><strong>Againthree</strong></span> 
     </span>
    </p>
   </div>
   <div class='ocr_carea' id='block_1_24' title="bbox 1644 2659 1861 2693">
    <p class='ocr_par' dir='ltr' id='par_1_25' title="bbox 1644 2659 1861 2693">
     <span class='ocr_line' id='line_1_41' title="bbox 1644 2659 1861 2693; baseline -0.009 -7"><span class='ocrx_word' id='word_1_322' title='bbox 1644 2661 1736 2693; x_wconf 81' lang='lat' dir='ltr'><strong>points</strong></span> <span class='ocrx_word' id='word_1_323' title='bbox 1750 2668 1814 2691; x_wconf 76' lang='lat' dir='ltr'><strong>may</strong></span> <span class='ocrx_word' id='word_1_324' title='bbox 1827 2659 1861 2684; x_wconf 85' lang='lat' dir='ltr'><strong>be</strong></span> 
     </span>
    </p>
   </div>
   <div class='ocr_carea' id='block_1_25' title="bbox 304 2686 1895 2753">
    <p class='ocr_par' dir='ltr' id='par_1_26' title="bbox 304 2686 1895 2753">
     <span class='ocr_line' id='line_1_42' title="bbox 304 2686 1895 2753; baseline -0.006 -25"><span class='ocrx_word' id='word_1_325' title='bbox 304 2691 491 2728; x_wconf 89' lang='lat' dir='ltr'><strong>debemus</strong></span> <span class='ocrx_word' id='word_1_326' title='bbox 528 2689 686 2727; x_wconf 91' lang='lat' dir='ltr'><strong>obedire</strong></span> <span class='ocrx_word' id='word_1_327' title='bbox 731 2700 811 2726; x_wconf 90' lang='lat' dir='ltr'><strong>non</strong></span> <span class='ocrx_word' id='word_1_328' title='bbox 849 2688 973 2725; x_wconf 85' lang='lat' dir='ltr'><strong>solum</strong></span> <span class='ocrx_word' id='word_1_329' title='bbox 1013 2687 1125 2724; x_wconf 90' lang='lat' dir='ltr'><strong>bonis</strong></span> <span class='ocrx_word' id='word_1_330' title='bbox 1164 2694 1199 2724; x_wconf 92' lang='lat' dir='ltr'><strong>et</strong></span> <span class='ocrx_word' id='word_1_331' title='bbox 1238 2687 1423 2724; x_wconf 89' lang='lat' dir='ltr'><strong>modestis</strong></span> <span class='ocrx_word' id='word_1_332' title='bbox 1471 2686 1630 2724; x_wconf 89' lang='lat' dir='ltr'><strong>terrenis</strong></span> <span class='ocrx_word' id='word_1_333' title='bbox 1643 2693 1895 2753; x_wconf 44' lang='lat' dir='ltr'><strong>rsafgssdtffiiffigum</strong></span> 
     </span>
    </p>
   </div>
   <div class='ocr_carea' id='block_1_26' title="bbox 304 2756 1815 2806">
    <p class='ocr_par' dir='ltr' id='par_1_27' title="bbox 304 2756 1815 2806">
     <span class='ocr_line' id='line_1_43' title="bbox 304 2756 1815 2806; baseline -0.003 -8"><span class='ocrx_word' id='word_1_334' title='bbox 304 2760 482 2805; x_wconf 88' lang='lat' dir='ltr'><strong>dominis,</strong></span> <span class='ocrx_word' id='word_1_335' title='bbox 517 2759 583 2797; x_wconf 82' lang='lat' dir='ltr'><strong>sed</strong></span> <span class='ocrx_word' id='word_1_336' title='bbox 622 2760 743 2797; x_wconf 90' lang='lat' dir='ltr'><strong>eciam</strong></span> <span class='ocrx_word' id='word_1_337' title='bbox 784 2758 946 2802; x_wconf 87' lang='lat' dir='ltr'><strong>discolis,</strong></span> <span class='ocrx_word' id='word_1_338' title='bbox 985 2756 1245 2795; x_wconf 91' lang='lat' dir='ltr'><strong>consideraret</strong></span> <span class='ocrx_word' id='word_1_339' title='bbox 1275 2757 1399 2806; x_wconf 91' lang='lat' dir='ltr'><strong>primo</strong></span> <span class='ocrx_word' id='word_1_340' title='bbox 1433 2756 1815 2805; x_wconf 73' lang='lat' dir='ltr'><strong>quom0d00s5.1³eter.</strong></span> 
     </span>
    </p>
   </div>
   <div class='ocr_carea' id='block_1_27' title="bbox 305 2848 1630 2993">
    <p class='ocr_par' dir='ltr' id='par_1_28' title="bbox 305 2848 1630 2993">
     <span class='ocr_line' id='line_1_44' title="bbox 351 2848 1630 2893; baseline -0.003 -10"><span class='ocrx_word' id='word_1_341' title='bbox 351 2852 358 2869; x_wconf 94' lang='lat'>¹</span> <span class='ocrx_word' id='word_1_342' title='bbox 382 2858 413 2883; x_wconf 91' lang='lat' dir='ltr'><strong>et</strong></span> <span class='ocrx_word' id='word_1_343' title='bbox 426 2857 489 2893; x_wconf 79' lang='lat' dir='ltr'><strong>pro</strong></span> <span class='ocrx_word' id='word_1_344' title='bbox 512 2862 560 2890; x_wconf 87' lang='lat' dir='ltr'><strong>ex,</strong></span> <span class='ocrx_word' id='word_1_345' title='bbox 579 2860 613 2883; x_wconf 77' lang='grc' dir='ltr'><strong>Α.</strong></span> <span class='ocrx_word' id='word_1_346' title='bbox 703 2851 714 2868; x_wconf 81' lang='lat'>²</span> <span class='ocrx_word' id='word_1_347' title='bbox 738 2861 888 2891; x_wconf 85' lang='lat' dir='ltr'><strong>congrue,</strong></span> <span class='ocrx_word' id='word_1_348' title='bbox 906 2857 938 2880; x_wconf 87' lang='grc' dir='ltr'><strong>Α.</strong></span> <span class='ocrx_word' id='word_1_349' title='bbox 1028 2849 1039 2865; x_wconf 77' lang='lat'>³</span> <span class='ocrx_word' id='word_1_350' title='bbox 1064 2848 1204 2886; x_wconf 73' lang='lat' dir='ltr'><strong>infidele,</strong></span> <span class='ocrx_word' id='word_1_351' title='bbox 1232 2857 1260 2880; x_wconf 79' lang='grc' dir='ltr'><strong>Β.</strong></span> <span class='ocrx_word' id='word_1_352' title='bbox 1351 2849 1361 2866; x_wconf 80' lang='lat'>¹</span> <span class='ocrx_word' id='word_1_353' title='bbox 1386 2853 1454 2890; x_wconf 85' lang='lat' dir='ltr'><strong>pot.</strong></span> <span class='ocrx_word' id='word_1_354' title='bbox 1475 2848 1575 2886; x_wconf 57' lang='lat' dir='ltr'><strong>fund„</strong></span> <span class='ocrx_word' id='word_1_355' title='bbox 1603 2856 1630 2879; x_wconf 86' lang='grc' dir='ltr'><strong>Β.</strong></span> 
     </span>
     <span class='ocr_line' id='line_1_45' title="bbox 305 2899 1246 2944; baseline -0.003 -10"><span class='ocrx_word' id='word_1_356' title='bbox 305 2902 317 2920; x_wconf 77' lang='lat'>⁵</span> <span class='ocrx_word' id='word_1_357' title='bbox 342 2903 490 2944; x_wconf 80' lang='lat' dir='ltr'><strong>precipit,</strong></span> <span class='ocrx_word' id='word_1_358' title='bbox 513 2911 540 2934; x_wconf 80' lang='grc' dir='ltr'><strong>Β.</strong></span> <span class='ocrx_word' id='word_1_359' title='bbox 631 2903 642 2920; x_wconf 74' lang='lat'><strong>&#39;⁵</strong></span> <span class='ocrx_word' id='word_1_360' title='bbox 665 2908 709 2940; x_wconf 80' lang='lat' dir='ltr'><strong>ut,</strong></span> <span class='ocrx_word' id='word_1_361' title='bbox 727 2913 788 2933; x_wconf 86' lang='lat' dir='ltr'><strong>om.</strong></span> <span class='ocrx_word' id='word_1_362' title='bbox 810 2911 842 2933; x_wconf 71' lang='grc' dir='ltr'><strong>Α.</strong></span> <span class='ocrx_word' id='word_1_363' title='bbox 933 2899 944 2916; x_wconf 81' lang='lat'><em>⁷</em></span> <span class='ocrx_word' id='word_1_364' title='bbox 969 2901 1009 2931; x_wconf 78' lang='lat' dir='ltr'><strong>(le</strong></span> <span class='ocrx_word' id='word_1_365' title='bbox 1026 2911 1090 2940; x_wconf 79' lang='lat' dir='ltr'><strong>reg.</strong></span> <span class='ocrx_word' id='word_1_366' title='bbox 1110 2900 1198 2939; x_wconf 55' lang='lat' dir='ltr'><strong>hab„</strong></span> <span class='ocrx_word' id='word_1_367' title='bbox 1218 2908 1246 2931; x_wconf 77' lang='grc' dir='ltr'><strong>Β.</strong></span> 
     </span>
     <span class='ocr_line' id='line_1_46' title="bbox 940 2969 1001 2993; baseline -0.016 0"><span class='ocrx_word' id='word_1_368' title='bbox 940 2969 959 2993; x_wconf 70' lang='lat' dir='ltr'><em>C</em></span> <span class='ocrx_word' id='word_1_369' title='bbox 984 2969 1001 2992; x_wconf 78' lang='lat'>2</span> 
     </span>
    </p>
   </div>
  </div>
 </body>
</html>
