2018 3401
124 281 176 321 88

122 546 192 574 This
205 556 271 580 may
283 547 349 575 take

122 581 170 606 the
189 582 259 608 form
273 583 306 608 of

120 615 273 648 sympathy
287 615 354 642 with

122 648 187 680 evil,
202 658 232 675 or
245 650 375 675 careless-

120 690 185 709 ness
194 682 222 709 in
232 683 366 710 correctin

122 1202 170 1228 He
180 1201 244 1228 who
255 1201 375 1229 defends

120 1237 168 1262 the
181 1245 271 1262 errors
284 1236 316 1262 of

119 1270 216 1296 others
230 1279 306 1295 more

121 1303 272 1329 damnat->le
286 1303 355 1330 than

121 1337 157 1363 he
170 1337 233 1363 who
247 1346 313 1363 errs.

817 294 883 326 DE
914 294 1109 327 OFFICIO
1142 294 1298 327 REGIS.

401 400 622 438 omissione.
698 399 758 437 Illi
787 406 915 438 autem
945 400 1010 450 qui
1033 400 1181 438 lucrum
1210 399 1397 449 recipiunt
1430 404 1471 436 ut
1501 390 1731 437 iniusticiam

401 472 612 510 defendant
650 477 850 521 tamquam
880 471 1053 509 blasfemi
1087 477 1222 510 contra
1256 471 1371 509 deum
1407 477 1626 520 procurant,
1661 482 1732 508 nec

401 543 587 581 debemus
607 543 774 593 gaudere
796 542 863 580 sed
879 542 1009 580 dolere
1030 542 1077 580 de
1098 542 1253 581 fratrum
1274 542 1452 588 facinore,
1474 554 1563 579 cum
1585 541 1733 579 Cristus

400 615 439 652 in
478 615 612 664 triplici
652 614 742 652 fletu
780 626 994 664 numquam
1033 614 1135 651 flevit
1173 614 1244 652 nisi
1282 614 1424 651 fleverit
1462 624 1531 663 pro
1561 619 1734 662 peccato.

369 684 691 735 gCongaudens¹
721 686 852 736 itaque
881 691 1017 723 contra
1045 686 1243 723 caritatem
1273 685 1319 723 de
1348 685 1509 723 crimine
1543 684 1764 725 consentit5

402 759 441 795 in
472 758 615 803 animo,
644 757 741 795 sicut
765 764 801 795 et
828 757 1111 807 parvipendens
1135 758 1339 807 corrigere.
1397 757 1500 794 Narn
1530 756 1595 806 qui
1619 755 1734 793 habet

401 842 424 867 a
446 828 519 868 deo
542 829 689 867 maiora
710 828 812 867 dona
832 836 874 866 ut
894 829 1084 878 corripiat,
1105 835 1142 867 et
1162 841 1277 878 super
1295 828 1370 867 hoc
1391 828 1560 878 negligit,
1581 826 1734 877 gravius

402 906 458 938 est
487 899 714 950 culpandus,
737 900 813 938 sive
843 899 955 938 fuerit
975 906 1199 950 potentatus
1219 900 1366 938 habens
1395 896 1656 949 potestatem2
1685 897 1734 935 ad

400 971 475 1009 hoc
496 971 718 1017 secularem,
748 971 825 1008 sive
853 971 1055 1020 spiritualis
1086 971 1233 1009 habens
1263 971 1312 1008 ad
1342 971 1416 1009 hoe
1448 970 1579 1008 datam
1611 969 1733 1007 scien-

401 1043 511 1080 ciam.
596 1042 646 1079 Et
681 1042 784 1080 istud
811 1049 868 1080 est
897 1042 1065 1092 primum
1099 1049 1306 1092 peccatum
1334 1047 1371 1080 et
1398 1040 1667 1091 gravissimum
1694 1039 1733 1076 in
1749 1051 1789 1074 10

400 1125 607 1159 consensu,
630 1114 669 1150 in
690 1125 769 1163 quo
791 1120 877 1151 sunt
897 1125 1035 1151 omnes
1064 1114 1181 1151 verbo
1201 1113 1350 1151 cautela
1370 1113 1427 1150 vel
1448 1125 1565 1162 opere
1586 1111 1734 1149 facinus

402 1185 664 1230 defendentes,
687 1184 734 1222 de
754 1185 895 1234 quibus
934 1185 1111 1222 scribitur
1131 1184 1248 1222 xxiiii.
1283 1197 1319 1234 q.
1355 1184 1403 1229 iii,
1438 1182 1544 1229 ‘Qui
1572 1183 1732 1220 aliorum
1747 1198 1781 1238 5²5.
1792 1187 1875 1219 xxiv.
1889 1188 1931 1230 Q.

400 1269 563 1294 errorem
601 1256 763 1306 dcscndl'l
797 1257 907 1293 mullo
945 1256 1106 1304 amplius
1143 1260 1196 1293 est
1231 1255 1504 1304 dampnabz'll’or
1543 1255 1630 1300 illis,
1671 1241 1843 1316 quigf‘ffl·

402 1332 542 1373 erranl,
563 1329 651 1376 quia
674 1340 744 1364 non
765 1328 879 1364 solum
901 1328 961 1364 ille
979 1331 1086 1363 errat
1111 1327 1176 1363 sed
1190 1331 1225 1363 el
1241 1328 1329 1363 alz'l's
1349 1327 1566 1376 ffvtdz'mla
1594 1325 1736 1361 erroris

394 1403 580 1448 preparat
607 1403 640 1435 et
670 1398 876 1448 confirmal.
940 1397 1042 1435 Unde
1074 1399 1162 1447 quia
1197 1399 1374 1447 magister
1403 1398 1544 1434 erroris
1576 1401 1636 1441 est,
1665 1407 1735 1432 non
1752 1407 1790 1440 15

119 1481 190 1508 This
203 1482 312 1515 danger
327 1481 375 1508 the
405 1470 573 1507 fanumst
608 1471 794 1514 heremus,
816 1470 881 1506 sed
899 1470 1135 1507 heresiarcha
1159 1470 1332 1508 circeredus
1364 1467 1437 1506 est?
1495 1468 1546 1505 Et
1580 1467 1628 1505 de
1662 1467 1736 1504 isto

122 1517 258 1548 temporal
272 1516 347 1542 lords

121 1550 224 1577 should
238 1550 356 1577 beware.
403 1542 575 1592 periculo
605 1548 787 1580 caverent
810 1542 1042 1591 temporales
1072 1541 1219 1579 domini
1246 1541 1494 1579 defendentes
1520 1540 1664 1578 clerum
1692 1551 1736 1576 ac

124 2320 231 2346 Fourth
246 2319 315 2346 kind
329 2319 361 2346 of

120 2359 236 2380 consent
251 2353 274 2379 is

119 2388 273 2419 voluntary

121 2420 311 2454 cooperation.

402 1615 485 1651 eius
509 1613 707 1662 privilegia
737 1618 876 1650 contra
902 1612 1029 1662 legem
1054 1613 1127 1650 Dei
1158 1619 1195 1650 et
1221 1619 1351 1650 sancte
1376 1611 1560 1658 Ecclesie,
1580 1611 1675 1648 sicut
1700 1616 1738 1647 et

402 1684 593 1722 scolastici
628 1696 672 1721 ac
710 1696 844 1722 eorum
876 1683 1097 1722 defensores
1131 1684 1197 1733 qui
1231 1684 1409 1721 resistunt
1439 1682 1659 1732 impingunt
1691 1693 1736 1718 ac

401 1755 639 1805 proterviunt
678 1760 812 1792 contra
850 1754 1084 1792 katholicam
1122 1755 1328 1792 veritatem.
1400 1753 1515 1791 Unde
1548 1752 1735 1790 remissis·
1752 1755 1792 1778 20

403 1826 503 1863 simo
518 1826 531 1845 ⁴¹
561 1825 685 1875 gradu
705 1825 803 1863 illius
831 1837 1043 1863 consensus
1073 1825 1164 1864 dicit
1192 1826 1328 1863 beatus
1348 1824 1560 1874 Gregorius
1580 1823 1678 1861 libro
1698 1823 1735 1859 iii
1750 1822 1898 1864 Gregory

405 1896 568 1946 Regulae
584 1896 609 1942 ⁵,
644 1896 810 1945 capitulo
842 1896 946 1934 xxix.
1008 1896 1058 1934 Et
1088 1897 1221 1934 similis
1251 1896 1448 1934 sentencia
1476 1895 1660 1944 ponitur⁶
1698 1894 1736 1931 in
1748 1867 1933 1942 {fffigftst'

402 1968 567 2006 decretis
590 1967 656 2016 83⁷
677 1967 713 2014 d,
735 1966 851 2013 ‘Quis
874 1967 1007 2017 inquit,
1032 1968 1235 2004 ‘emendare
1244 1971 1367 2016 polest
1382 1971 1416 2004 el
1433 1967 1590 2015 neglzga
1607 1966 1737 2014 absque
1749 1954 1937 2029 'ff'sstxxiii-

403 2039 510 2076 dubio
540 2039 665 2076 delicti
680 2039 903 2088 participem
935 2051 971 2075 se
1001 2038 1119 2087 {psum
1155 2038 1362 2075 conslz'tuz‘l?
1420 2037 1469 2076 Et
1497 2038 1572 2075 isto
1595 2049 1737 2086 genere
1750 2052 1777 2073 e.
1794 2041 1842 2072 iii.

406 2121 622 2149 consensus
668 2109 884 2147 comuniter
921 2108 1164 2147 maculantur
1201 2109 1381 2159 prepositi
1419 2115 1499 2146 tam
1547 2108 1738 2146 seculares
1753 2117 1792 2149 25

404 2193 523 2230 quam
563 2180 818 2218 ecclesiastici.
876 2179 1022 2217 Ymmo
1064 2187 1099 2218 et
1138 2181 1258 2218 nostri
1297 2180 1484 2218 scolastici
1516 2180 1581 2229 qui
1611 2186 1739 2217 tacent

403 2252 766 2302 promulgacionem
786 2250 951 2288 veritatis
971 2250 1169 2289 catholice·
1187 2263 1304 2301 quam
1325 2251 1466 2289 debent
1486 2262 1738 2300 cognoscere.

403 2323 512 2360 Talis
533 2323 635 2361 enim
657 2329 714 2360 est
733 2322 908 2372 proditor
927 2322 1105 2360 veritatis.
1166 2322 1358 2369 Quartum
1381 2334 1504 2372 genus
1525 2333 1738 2360 consensus
1750 2315 1797 2344 Y.

402 2400 459 2431 est
479 2393 681 2442 culpanda,
702 2393 791 2442 quia
807 2392 1032 2438 voluntaria,
1050 2393 1293 2443 cooperacio.
1348 2393 1398 2431 Et
1411 2393 1459 2430 de
1480 2393 1544 2430 tali
1566 2392 1740 2430 scribitur

402 2465 457 2502 iia.
479 2477 514 2514 q.
536 2463 566 2510 Ι,
601 2467 608 2483 ‘
627 2463 776 2501 Notum
798 2464 869 2501 sit.'
927 2464 1158 2501 ‘Facz'cnlcm
1177 2469 1212 2501 el
1227 2465 1494 2502 consenlz'enlem
1509 2464 1627 2513 ῥανί8
1640 2471 1738 2513 pena
1752 2465 1790 2498 C.
1804 2466 1839 2497 ii.
1856 2466 1896 2508 Q.
1913 2466 1934 2497 i.

403 2534 648 2584 constringit!
706 2534 756 2572 Et
785 2535 918 2584 primo
941 2535 1200 2582 decretalium,
1232 2535 1315 2573 ‘De
1338 2534 1355 2555 ‘¹‘
1380 2535 1507 2574 officio
1527 2535 1690 2585 delegati
1703 2520 1739 2572 ⁰.'
1752 2519 1849 2586 {0ng

408 2610 415 2626 ‘
437 2606 535 2653 Quia
555 2607 731 2655 quesitum
749 2610 809 2652 est,
842 2633 849 2642 .
882 2634 889 2643 .
920 2606 1079 2655 Agentes
1092 2611 1126 2643 cl
1142 2607 1396 2644 consencz'enles
1406 2608 1506 2655 pari
1512 2613 1611 2655 pena
1628 2604 1740 2656 (lesti-
1753 2595 1961 2629 Decret.Lib.

406 2679 526 2715 monio
546 2675 744 2728 scripture)
757 2677 995 2725 puniuntur?
1025 2676 1076 2714 Et
1095 2684 1199 2726 patet
1219 2676 1314 2715 fides
1335 2677 1518 2726 scripture
1537 2676 1555 2696 *
1573 2676 1740 2715 Roman.
1753 2651 1818 2715 '11³it.
1831 2683 1917 2714 xxix.
1938 2680 1960 2712 i.

1754 2737 1836 2767 Fol.
1847 2735 1915 2766 129
1927 2742 1958 2764 a..

453 2808 462 2825 ¹
480 2807 734 2849 congaudentes,
751 2816 785 2838 A.
863 2806 875 2824 ²
889 2807 930 2838 ad
947 2808 1009 2839 hoc
1026 2812 1222 2850 potestatem
1239 2809 1429 2848 secularem,
1447 2816 1478 2840 Β.
1546 2808 1558 2826 3
1574 2813 1694 2847 tamen,
1706 2816 1740 2839 A.

409 2860 420 2880 2
438 2861 598 2899 remissio,
616 2867 647 2892 B.
694 2859 706 2877 ⁵
723 2859 756 2890 xi
775 2859 992 2901 Registripro
1006 2860 1042 2891 iii
1061 2860 1200 2902 Regula,
1213 2869 1249 2900 A,
1261 2869 1291 2892 Β.
1349 2859 1361 2878 ⁶
1377 2860 1468 2902 poni,
1481 2869 1504 2892 A
1543 2860 1687 2902 ponitur,
1706 2867 1736 2892 Β.

410 2909 421 2927 ⁷
447 2913 497 2952 89,
518 2920 551 2942 A.
641 2912 652 2930 Β
676 2922 746 2952 par,
765 2920 796 2942 A.
886 2914 897 2930 ‘³
921 2911 1013 2953 legis,
1032 2919 1063 2944 Β.
1085 2925 1087 2929 ⁴
