2018 3401
103 294 184 335 280
783 305 849 337 DE
882 305 1076 339 OFFICIO
1109 307 1266 341 REGIS.

99 421 167 481 {gli
167 421 353 482 315321'3531‘522
379 408 488 447 valde
509 409 620 448 alieni
641 410 689 447 ab
706 410 833 449 officio
853 410 1074 456 sacerdotis,
1095 418 1130 449 et
1151 413 1205 450 sic
1226 412 1264 449 in
1285 423 1355 450 suo
1376 411 1504 450 officio
1525 418 1562 450 et
1581 411 1620 449 in
1637 421 1709 450 suo

100 489 293 554 fflffi’ffivguotrli}
378 481 601 527 ministerio,
616 489 801 530 tanquam
813 482 1095 520 excomunicati
1108 495 1130 520 a
1145 482 1317 529 domino,
1333 490 1476 520 nocent
1489 483 1559 520 sibi
1572 483 1662 532 ipsis
1673 488 1710 520 et

101 556 366 616 :YgLngersseictixissthe
379 551 536 600 populo,
552 552 641 600 quia
657 551 818 590 Ieremie
838 551 960 588 xlviiio
974 552 1202 590 Maledictus
1216 554 1392 603 quisacz't
1404 560 1491 602 opus
1506 553 1709 603 Dez'frau-
1722 556 1786 597 Jer.
1801 554 1903 587 xlviii.

100 628 129 648 at
143 623 188 648 ²²¹¹·
381 623 554 668 dulenler,
577 622 643 659 sed
664 622 788 672 magis
807 622 1033 661 maledictus
1056 630 1113 661 est
1137 623 1197 661 ille
1224 636 1246 661 a
1275 623 1435 662 domino
1464 625 1529 674 qui
1549 624 1710 662 omnino
1727 608 1775 631 ω’

380 705 479 742 opus
502 692 648 730 domini
668 693 920 742 pretermittit.
979 692 1278 731 Consideremus
1299 693 1424 742 itaque
1446 693 1551 743 quod
1565 692 1709 731 Cristus
1723 709 1742 742 5

380 763 448 800 suit
464 764 502 800 in
516 771 596 800 tota
609 763 684 800 vita
704 763 774 800 ista
786 762 904 801 homo
919 763 1178 813 pauperimus‚
1195 764 1234 800 in
1250 770 1330 801 tota
1343 764 1630 802 ministracione
1644 776 1712 801 sua

380 835 603 871 humilimus
624 841 660 871 et
680 834 719 871 in
733 841 812 871 tota
827 832 980 871 iniuria¹
995 846 1064 872 sua
1080 835 1386 884 pacientissimus
1399 847 1409 881 ;
1439 835 1572 872 omnia
1585 842 1712 872 autem

380 907 453 943 ista
473 905 611 943 subivit
632 904 802 942 liberime
823 912 862 942 ut
883 917 952 954 per
972 904 1117 942 clerum
1138 917 1249 942 suum
1270 912 1456 955 tanquam
1477 906 1711 955 peculiarem

380 984 494 1026 atque
516 976 772 1014 domesticum
792 975 992 1013 reduceret
1012 975 1061 1013 ad
1088 976 1285 1025 quandam
1305 977 1567 1015 imitacionem
1587 988 1712 1026 popu-

383 1048 463 1085 lum
480 1047 701 1085 secularem.
734 1046 809 1083 Sed
825 1046 909 1096 quis
926 1047 1033 1096 plus²
1050 1046 1124 1084 sitit
1139 1047 1363 1097 temporalia
1379 1060 1496 1097 quam
1513 1047 1712 1085 sacerdos?
1728 1061 1768 1083 10

383 1118 482 1165 Quis
501 1118 677 1155 vendicat
697 1117 964 1155 dominancius
985 1117 1212 1155 ministrari?
1269 1117 1342 1155 Vel
1359 1118 1443 1167 quis
1459 1118 1713 1167 impetuosius

383 1189 595 1238 insequitur
624 1201 694 1238 pro
723 1200 792 1226 sua
820 1187 957 1225 iniuria
982 1187 1237 1226 vindicanda?
1295 1187 1357 1226 Sic
1386 1188 1492 1237 quod
1521 1188 1592 1226 alie
1622 1200 1712 1226 aves

383 1273 406 1298 a
426 1259 520 1298 rethi
549 1259 706 1297 ecclesie
727 1271 795 1308 per
821 1258 935 1296 Cristi
963 1258 1195 1296 domesticos
1216 1264 1369 1296 cecatos
1389 1258 1541 1308 pulvere
1561 1265 1711 1308 tempo-

383 1331 517 1368 ralium
538 1330 785 1368 deterrentur.
843 1329 942 1376 Quis
967 1329 1081 1378 igitur
1108 1341 1188 1367 non
1217 1328 1425 1366 offenditur
1452 1329 1558 1378 quod
1586 1335 1715 1366 tantus

383 1402 492 1439 labor
519 1408 598 1439 tam
624 1401 749 1450 gravis
779 1412 943 1449 persone
971 1406 1049 1436 tam
1068 1399 1276 1448 proditorie
1297 1398 1529 1437 inten*ditur
1548 1399 1714 1438 frustrari
1727 1405 1771 1436 57
1789 1404 1826 1433 b.

383 1485 449 1522 per
477 1484 606 1510 mores
635 1471 684 1509 a3
713 1470 839 1508 Cristo
873 1470 1096 1516 contrarios,
1118 1470 1156 1506 in
1186 1476 1335 1507 tantum
1365 1470 1471 1520 quod
1500 1470 1717 1519 superiores

384 1543 600 1581 sacerdotes
638 1548 843 1591 gravantur
881 1549 917 1579 et
958 1547 1135 1590 reputant
1148 1540 1161 1560 4
1200 1541 1362 1578 omnino
1401 1540 1638 1590 superfluum
1675 1547 1717 1579 ut

384 1614 532 1651 discant
561 1613 618 1650 vel
647 1612 815 1657 audiant,
843 1617 880 1649 et
906 1611 1026 1649 multo
1057 1611 1181 1660 magis
1204 1618 1244 1648 ut
1270 1611 1478 1660 predicent,
1501 1610 1626 1661 legem
1656 1610 1717 1648 dei

385 1685 510 1731 Cristi,
532 1684 600 1722 sed
620 1696 690 1733 pro
711 1683 808 1721 fastu
829 1682 958 1729 seculi,
979 1682 1139 1727 honore,
1154 1681 1300 1728 mundi,
1322 1681 1495 1720 fomento
1524 1689 1717 1731 tempora-

385 1757 478 1793 lium
493 1754 780 1805 diligentissime
796 1753 974 1791 laborant
993 1759 1031 1791 et
1051 1752 1214 1791 zelantes
1230 1765 1300 1802 pro
1315 1752 1397 1802 lege
1413 1752 1525 1790 Cristi
1545 1753 1716 1790 nituntur
1733 1762 1784 1785 20⁷

386 1827 619 1876 extingwere
635 1827 648 1863 ?

107 1910 264 1940 smmum-5.
443 1898 492 1935 Et
527 1904 630 1948 patet
662 1896 768 1947 quod
800 1897 838 1934 in
872 1903 953 1935 toto
987 1897 1059 1934 isto
1090 1903 1249 1934 tractatu
1281 1897 1318 1933 in
1353 1908 1490 1946 grosso
1522 1896 1718 1934 senserim.

107 1977 169 2002 The
183 1974 357 2007 cleranand
388 1969 502 2015 Tota,
524 1969 694 2018 inquam,
715 1968 902 2005 distencio
928 1974 1043 2016 atque
1069 1967 1237 2005 intendo
1266 1974 1340 2004 stat
1359 1968 1398 2004 in
1418 1967 1560 2004 tribus:
1592 1967 1718 2016 primo

108 2009 358 2076 ῗῗξιῗέἶιῑιιζὲὣᾶὒε
387 2039 493 2089 quod
517 2039 652 2084 clerus,
680 2045 718 2076 et
748 2037 959 2087 specialiter
984 2044 1098 2086 caput
1133 2037 1233 2083 cleri,
1267 2037 1380 2075 debet
1413 2049 1496 2076 esse
1529 2037 1718 2084 humilior,

239 2097 244 2103 ,
289 2085 336 2100 ΟΥΕ

107 2077 239 2180 ἓξὲξ
254 2085 341 2141 3¹ng
389 2110 622 2148 servitivior⁵
652 2116 765 2158 atque
794 2108 1010 2158 pauperior.
1068 2107 1160 2154 Quo
1189 2115 1325 2145 contra
1353 2107 1559 2146 adversans
1588 2108 1720 2146 asserit
1735 2114 1773 2146 ²5

389 2181 495 2232 quod
515 2181 637 2219 clerus
657 2187 694 2218 et
715 2179 928 2229 specialiter
948 2191 1051 2228 papa
1072 2178 1185 2216 debet
1211 2190 1295 2216 esse
1315 2178 1463 2216 mundo
1484 2178 1719 2228 splendidior

109 2256 327 2288 2.T}1eC1ergy
390 2252 646 2303 imperativior
684 2258 721 2288 et
761 2249 1040 2288 dominativior.
1112 2248 1294 2287 Secundo
1337 2249 1426 2287 dicit
1463 2249 1720 2298 phalsigrafus
1735 2254 1782 2282 Y·

110 2291 210 2316 should
225 2291 258 2315 be
273 2298 347 2315 more

110 2324 325 2383 gsssfflffieglssffi?
390 2323 496 2374 quod
522 2323 645 2361 clerus
673 2322 788 2359 debet
816 2321 984 2358 maxime
1009 2320 1219 2369 capitaliter
1241 2318 1259 2339 '³‘
1282 2326 1396 2369 atque
1417 2320 1570 2357 civiliter
1590 2332 1721 2369 regere
1735 2322 1892 2354 F01.182
1905 2330 1938 2352 a.
1981 2320 1995 2353 ‘J

111 2391 205 2417 W⁰¹¹d·
392 2395 542 2432 sinistra
569 2394 674 2430 bona
693 2392 865 2437 ecclesie,
895 2398 931 2428 et
957 2391 1010 2428 sic
1034 2390 1293 2428 auctoritative
1323 2396 1360 2427 et
1386 2390 1546 2428 sollicite
1574 2390 1620 2427 de
1650 2390 1722 2427 illis

392 2464 548 2502 civiliter
561 2463 743 2508 iudicare,
758 2469 795 2500 et
811 2462 858 2499 ad
875 2461 949 2498 hoc
965 2461 1083 2498 habet
1096 2461 1174 2498 dux
1188 2461 1201 2481 ⁶
1221 2473 1289 2499 sue
1309 2473 1331 2498 a
1349 2459 1475 2498 Cristo
1487 2460 1718 2498 ineffabilem
1736 2467 1777 2498 30

393 2542 631 2582 potestatem.
691 2533 765 2570 Sed
786 2533 946 2570 omnino
967 2545 986 2570 e
1008 2539 1142 2570 contra
1162 2531 1252 2569 dicit
1273 2531 1471 2578 veridicus,
1494 2531 1598 2580 quod
1619 2537 1722 2569 totus

392 2606 526 2652 clerus,
558 2613 595 2642 et
629 2603 838 2653 specialiter
876 2615 986 2652 papa,
1016 2602 1130 2640 debet
1167 2602 1270 2639 iuxta
1304 2613 1447 2639 nomen
1487 2613 1599 2639 suum
1637 2613 1721 2639 esse

394 2676 560 2714 maxime
582 2675 785 2724 elongatus
807 2686 828 2710 a
849 2673 995 2710 mundo
1014 2680 1050 2710 et
1071 2673 1152 2710 eius
1166 2673 1289 2710 causis
1311 2679 1423 2722 atque
1437 2672 1632 2721 regimine,
1650 2684 1722 2709 nec

440 2791 447 2806 ¹
475 2789 590 2829 injuria
607 2799 675 2827 sua,
693 2788 761 2819 ord.
780 2788 848 2819 inv.
868 2795 897 2818 Γ».
988 2787 998 2804 '²
1015 2786 1087 2827 quis
1104 2786 1188 2826 plus,
1206 2786 1271 2817 ord.
1291 2787 1359 2817 inv.
1378 2793 1409 2817 Α.
1501 2786 1512 2801 ¹³
1530 2789 1603 2825 post
1619 2794 1725 2815 mores

398 2842 568 2878 ‹z.l1l.a‚.-x.
714 2840 723 2856 ⁴
750 2844 941 2880 reputantur
962 2844 1025 2879 pro
1049 2842 1207 2878 reputant,
1229 2846 1261 2868 Α.
1395 2839 1406 2856 ·”
1431 2837 1484 2868 scd
1510 2836 1645 2868 vicinior
1663 2841 1725 2876 pro

396 2894 590 2929 servitivior,
611 2901 642 2922 Α,
734 2890 745 2907 ‘¹
770 2892 844 2930 (lux,
863 2901 921 2921 em.
942 2899 974 2921 A.
