2018 3401
710 319 774 351 DE
809 319 998 352 OFFICIO
1032 319 1183 352 REGIS.

1815 323 1835 351 10

1841 320 1865 364 <a

1875 323 1893 362 x]

292 425 389 462 versi
410 432 659 474 corrumpunt
680 431 716 462 et
739 425 944 462 effundunt
965 426 1003 462 in
1028 432 1179 470 terram,
1201 425 1384 462 occidunt
1411 423 1618 473 prophetas

292 503 329 532 et
350 495 547 544 apostolos
568 503 604 533 et
624 496 854 545 sanguinem
874 497 1080 534 verborum
1106 507 1254 541 eorum,
1275 495 1313 532 id
1334 503 1390 533 est
1411 496 1617 541 veritatem,

292 565 496 604 effundunt
516 567 554 603 in
575 573 725 604 terram.
781 566 831 603 Et
852 567 1009 616 quocies
1035 567 1138 604 aliud
1161 566 1414 616 intelligentes
1435 567 1473 602 in
1493 567 1619 603 verbis

292 637 566 687 prophetarum
587 644 624 675 et
647 638 911 687 apostolorum
937 644 974 674 et
1000 636 1102 674 aliud
1122 644 1372 686 persecuntur
1397 637 1435 674 in
1462 637 1617 686 populo,

259 715 277 746 5
294 707 510 745 blasfemias
536 720 624 746 suas
654 715 695 745 ut
726 707 872 757 lapides
903 708 1095 757 quosdam
1127 708 1266 746 iactant
1288 719 1402 757 super
1422 708 1619 758 apostolos

75 779 115 809 P·
293 784 330 815 et
349 779 570 828 prophetas.
628 778 676 815 Et
706 779 736 815 si
766 785 944 816 notemus
973 779 1114 824 onmia,
1136 779 1368 828 prelatorum
1388 779 1562 816 Ecclesie
1582 786 1619 817 et
1634 788 1726 814 There
1739 796 1786 814 are
1799 796 1883 820 many

1635 822 1702 847 such
1716 831 1786 850 now„
1802 831 1879 853 espe*

295 850 452 886 nomine
473 849 709 895 clericorum,
731 848 820 898 qui¹
845 849 1057 887 omittendo
1078 856 1114 886 et
1135 850 1374 887 comittendo
1405 849 1621 887 diminuunt
1634 855 1901 921 ἓξὲῐέςὲὶέἶξςῖᾚγ

285 919 464 957 lacerant
484 920 540 957 vel
572 927 822 970 corrumpunt
854 920 969 958 fidem
1000 921 1195 970 scripture,
1217 921 1476 958 invenirentur
1506 920 1619 958 hodie
1634 923 1820 955 ostheology-

294 991 402 1027 multi
423 990 579 1029 heretici
609 991 818 1040 prophetas
838 998 875 1029 et
895 992 1092 1040 apostolos
1122 991 1355 1036 occidentes,
1378 998 1415 1028 et
1443 993 1621 1040 precipue

242 1061 345 1098 xoilli
365 1061 430 1111 qui
452 1062 551 1099 varie
573 1062 785 1099 distrahunt
804 1074 871 1100 eos
893 1062 958 1112 qui
986 1062 1227 1100 intenderent
1256 1062 1473 1112 theologice
1503 1062 1621 1100 facul-

77 1137 158 1168 Fol.
171 1138 235 1169 175
247 1138 281 1167 b.
296 1132 372 1170 tati.
429 1133 479 1170 Et
502 1132 519 1151 ³⁶
542 1140 698 1182 propter
727 1132 801 1170 hoc
827 1133 931 1182 quod
971 1133 1130 1171 ecclesia
1159 1133 1416 1171 hereticorum
1436 1146 1509 1183 que
1531 1133 1621 1171 olim

295 1203 475 1252 lapidavit
500 1203 706 1253 prophetas
738 1212 853 1253 atque
886 1204 1081 1253 apostolos
1103 1205 1190 1241 vivit
1222 1204 1336 1242 hodie
1360 1216 1595 1254 persequens
1611 1201 1625 1222 ²

78 1281 177 1313 Matt.
191 1280 281 1312 xxiii.
296 1287 364 1312 eos
395 1276 433 1312 in
468 1275 544 1312 suis
583 1275 679 1321 filiis,
714 1275 814 1320 ideo,
854 1275 943 1312 dicit
978 1275 1136 1320 Cristus,
1170 1274 1308 1312 Matth.
1346 1288 1406 1323 23,
1439 1282 1481 1312 ut
1515 1281 1624 1312 notat

79 1333 129 1365 34-
296 1346 430 1382 beatus
452 1344 723 1390 Crisostomus‚
748 1353 825 1382 tam
847 1345 894 1382 de
915 1345 1083 1394 presenti
1113 1357 1230 1395 quam
1260 1345 1308 1382 de
1337 1345 1474 1391 futuro,
1498 1357 1622 1382 sacer-

246 1422 282 1454 ¹5
297 1417 449 1454 dotibus
469 1416 654 1465 phariseis
674 1423 711 1454 et
733 1417 877 1461 scribis,
897 1416 997 1453 Ecce
1016 1429 1079 1465 ego
1108 1417 1209 1453 millo
1236 1417 1289 1453 ad
1313 1429 1375 1453 vos
1399 1417 1574 1464 sapz'cvzles
1593 1420 1626 1452 el

294 1488 437 1524 scribas
449 1501 468 1531 ,·
498 1493 532 1524 et
555 1501 606 1525 ex
632 1489 709 1525 illis
732 1488 907 1525 occz'dcnk.
964 1487 1014 1524 Et
1041 1488 1110 1525 hec
1141 1494 1196 1524 est
1227 1499 1344 1524 causa
1373 1487 1496 1524 tocius
1529 1487 1620 1524 scis·
1634 1502 1696 1528 The
1709 1510 1792 1529 cause
1807 1502 1900 1528 osm-

379 1559 385 1566 .
565 1559 571 1565 .
857 1559 862 1565 .
995 1558 1001 1564 .
1049 1558 1056 1566 .
1116 1558 1121 1565 .
1436 1558 1441 1565 .
1472 1559 1478 1564 .
1538 1558 1543 1565 .
1634 1536 1723 1561 whole
1737 1537 1837 1561 schism
1852 1536 1883 1560 of

295 1567 408 1596 matis
436 1559 596 1596 ecclesie
625 1558 730 1608 quod
759 1558 935 1596 hommes
965 1570 1078 1595 mmrs
1113 1558 1317 1595 intendunt
1346 1558 1620 1595 trad1ciombus
1635 1570 1840 1628 theschurchi?
1854 1569 1902 1627 ξιξ

294 1630 457 1678 propriis
473 1636 626 1679 propter
641 1630 803 1675 lucrum,
819 1636 856 1666 et
876 1629 1094 1666 diminuunt
1115 1628 1171 1666 vel
1192 1635 1443 1677 persecuntur
1466 1640 1533 1666 eos
1554 1629 1617 1678 qui
1633 1612 1902 1702 Ξπέῑὲἒῖιέῐξῑέἒεη

296 1700 470 1738 laborant
490 1701 528 1737 in
548 1700 766 1748 theologica
794 1700 981 1738 facultate.
1040 1700 1126 1737 Hec
1147 1700 1248 1740 enim
1270 1700 1372 1736 racio
1393 1711 1511 1749 quare
1532 1706 1619 1736 sunt
1633 1703 1775 1736 theologi*-

245 1781 285 1802 20
297 1771 474 1808 homines
494 1783 533 1808 se
557 1771 660 1819 ipsos
691 1777 873 1816 amantes,
896 1771 999 1807 bona
1030 1771 1211 1808 comunia
1243 1778 1279 1808 et
1311 1770 1464 1807 celestia
1495 1770 1620 1807 deser-

79 1841 237 1916 tChrystols-
296 1849 414 1879 entes.
471 1841 587 1879 Unde
617 1841 891 1886 Crisostomus,
912 1840 1053 1878 omelia
1082 1841 1112 1877 ia
1142 1841 1271 1890 operis
1301 1841 1512 1890 inperfecti,
1535 1838 1618 1892 (ex-
1633 1846 1903 1906 {ign-{ygstffllgn

95 1896 160 1922 orn,
196 1895 283 1915 ·om.
1713 1901 1718 1906 ·
1748 1901 1752 1906 ·
1787 1900 1793 1911 ν

81 1928 175 1959 Matt.
193 1928 213 1958 i.
231 1927 260 1958 6,
297 1924 447 1962 ponens
477 1911 526 1949 ad
555 1923 710 1950 sensum
739 1912 931 1949 misticum
954 1911 1094 1949 Matth.
1129 1919 1170 1948 10
1198 1911 1324 1949 Davz'l
1349 1916 1466 1948 aulem
1491 1913 1896 1979 8⁶'⁷²²‘²⁷{3,¹g,{,¹25t3325ss³2‘}¹

298 1980 563 2035 Sal07220n[em]
596 1995 647 2020 ex
679 1995 720 2019 ea
753 1995 819 2031 que
835 1982 929 2032 suit
962 1982 1063 2020 Urr'e.
1122 1981 1296 2020 Salomon
1324 1982 1467 2019 aulcm³
1492 1983 1623 2030 genui!
1634 1981 1751 2039 35³³&
1765 1980 1850 2026 1¹¹¹}011

1661 2015 1701 2040 ith
1723 2014 1892 2044 Bathsheba,

297 2051 493 2104 Roboam)
523 2060 632 2090 notat
663 2053 790 2102 primo
824 2052 1025 2102 quomodo
1057 2052 1194 2099 David,
1217 2065 1304 2090 cum
1337 2059 1437 2090 esset
1465 2052 1562 2090 letus
1582 2053 1619 2089 in
1634 2047 1905 2111 {ggffi‘ffgfssfwffssffffiss

244 2135 283 2166 25
299 2123 453 2161 excelso
487 2135 557 2161 suo
590 2123 741 2169 solario,
763 2123 958 2172 cupierat⁴
989 2123 1188 2167 Betsabee,
1218 2129 1254 2160 et
1276 2122 1407 2159 habuit
1427 2135 1512 2160 eam
1534 2134 1622 2160 curn
1636 2115 1761 2141 Chfflh·

299 2194 422 2232 adhuc
444 2202 542 2231 esset
563 2195 601 2230 in
622 2194 804 2242 coniugio
825 2194 891 2230 viri
913 2193 1075 2241 alterius,
1105 2194 1247 2231 nedum
1267 2201 1392 2243 potest
1413 2194 1624 2243 significare

300 2264 540 2314 tropologice
578 2276 710 2301 casum
744 2264 912 2301 hominis
946 2270 1101 2313 propter
1141 2265 1271 2301 ocium
1309 2271 1346 2301 et
1385 2263 1624 2300 altitudinem

299 2335 502 2383 dignitatis,
523 2335 678 2372 vcrum⁵
698 2334 820 2372 eciam
851 2334 1052 2383 allegorice
1073 2334 1198 2383 signat
1229 2334 1411 2380 Cristum,
1442 2335 1507 2384 qui
1536 2346 1624 2372 cum

300 2406 397 2443 letus
416 2412 516 2443 esset
537 2405 574 2441 in
597 2405 789 2442 divinitate
811 2417 889 2448 sua,
911 2405 949 2441 in
972 2405 1090 2442 nobili
1113 2405 1280 2442 residens
1307 2406 1459 2455 quietus
1480 2407 1518 2442 in
1540 2405 1623 2443 celo

245 2488 371 2527 305110
406 2476 600 2521 altissimo,
632 2475 722 2512 vidit
756 2475 956 2513 ecclesiam
990 2476 1169 2523 gencium
1209 2489 1392 2526 sponsam
1429 2477 1566 2515 diaboli
1603 2489 1625 2514 a

301 2547 477 2584 sordibus
506 2546 652 2595 peccati
673 2558 740 2594 per
760 2553 866 2583 actus
895 2547 1019 2583 bonos
1049 2546 1096 2584 de
1126 2558 1264 2594 genere
1295 2559 1334 2585 se
1369 2547 1569 2592 lavantem,
1590 2554 1627 2584 ct

302 2624 388 2666 post
409 2617 607 2654 interfecto
638 2616 792 2654 diabolo
820 2617 857 2652 in
878 2623 955 2653 arte
978 2617 1133 2666 propria
1153 2630 1240 2654 cum
1262 2618 1423 2655 ecclesia
1444 2618 1625 2667 gencium

303 2687 416 2725 traxit
445 2688 680 2736 coniugium.
737 2686 1001 2725 GeneraliterG
1038 2688 1191 2725 autem⁷
1230 2689 1336 2737 prius
1369 2697 1548 2738 operatur
1586 2690 1625 2727 in

345 2785 354 2802 ¹
379 2795 441 2826 que
465 2790 529 2826 j'ro
559 2786 624 2827 qui,
656 2794 690 2817 A.
823 2784 835 2801 ²
858 2789 1095 2826 persequentes,
1128 2793 1160 2815 A.
1294 2786 1305 2802 ³
1331 2791 1386 2817 aut
1411 2792 1476 2827 pro
1507 2791 1623 2818 autem.

300 2838 310 2855 4
343 2837 507 2878 cupiebat,
539 2845 572 2867 A.
705 2837 717 2853 ⁵
748 2836 855 2868 velud
878 2842 944 2877 pro
974 2847 1097 2875 verum,
1124 2846 1158 2867 A.
1290 2838 1301 2855 ⁰
1328 2838 1560 2878 generalitatis,
1595 2846 1623 2868 ις.

300 2889 310 2906 ⁷
337 2898 391 2922 aut
409 2895 472 2932 pro
496 2895 617 2930 autem,
639 2899 671 2923 A.

961 2959 977 2983 S
