2018 3401
160 322 242 371 246

158 445 232 471 Now
245 445 399 478 monarchy

156 478 208 504 has
222 479 290 504 been
301 479 328 505 in
340 488 424 512 many

156 521 234 544 ways
247 514 389 545 approved

156 545 194 577 by
207 546 279 577 God,
292 555 323 571 as
336 546 396 572 well

156 587 188 604 as
200 579 238 611 by
250 580 362 605 natural

155 621 255 638 reason
268 613 324 639 and
335 613 374 646 by

155 645 334 679 philosophy.

157 706 213 732 For
226 707 273 732 the
286 706 362 740 body

154 740 251 772 politic
264 746 338 766 must
352 741 424 766 have

154 782 207 799 one
229 774 317 804 head:
336 774 356 799 it
371 774 393 800 is
407 783 423 799 a

154 807 207 832 law
216 808 247 833 of
254 813 352 833 nature
362 808 423 833 that

154 846 210 867 two
224 850 287 867 men
301 847 403 867 cannot

155 874 190 900 be
204 875 231 900 in
245 875 281 900 all
301 881 424 906 respects

153 909 268 940 equally
278 908 358 934 fitted

154 941 196 967 sor
206 942 353 974 headship,
368 942 424 967 and

155 975 267 1001 Nature
281 976 349 1001 does
363 981 411 1001 not

153 1010 276 1040 produce
289 1017 306 1034 a
316 1009 347 1034 fit

153 1051 218 1068 man
232 1043 274 1068 for
287 1042 344 1068 him
358 1047 387 1068 to

153 1075 189 1101 be
202 1076 318 1102 wasted.

153 1142 287 1168 Aristotle
298 1141 420 1175 thought

152 1182 336 1208 government
350 1177 388 1208 by

153 1219 206 1235 one
218 1209 287 1242 king
306 1210 354 1235 the

153 1243 223 1274 best,
236 1244 291 1269 and
305 1252 322 1268 a
334 1243 394 1268 wit-

153 1285 216 1302 ness
230 1282 259 1302 to
273 1277 320 1302 the
340 1276 422 1309 unity

153 1311 186 1336 of
195 1310 269 1337 God.

153 1376 244 1402 Three
257 1377 290 1403 os
299 1377 346 1403 the

153 1417 226 1436 most
239 1412 353 1437 revered

155 1444 273 1469 Fathers
288 1445 376 1470 ofthe

153 1478 266 1503 Church
280 1478 377 1510 testify

153 1516 181 1536 to
195 1511 241 1536 the
254 1513 395 1543 goodness

153 1545 185 1570 of
194 1546 355 1578 monarchy.

154 2146 177 2163 1.
193 2136 220 2163 S.
238 2136 383 2164 Ambrose.

153 2860 175 2879 2.
191 2850 218 2877 S.
232 2848 400 2882 Augustine.

860 332 924 364 DE
957 332 1152 366 OFFICIO
1185 331 1339 365 REGIS.

436 435 536 474 Dan.
561 443 615 482 20,
636 442 673 474 et
692 448 763 475 nec
793 436 986 475 eleccione
1014 437 1147 487 populi
1176 450 1247 476 nec
1275 438 1354 475 iure
1384 436 1625 475 hereditario.
1682 435 1765 474 Nec
1778 434 1915 467 Dan.ii.

436 507 593 545 dubium
625 507 719 557 quin
745 508 970 546 monarchia
994 508 1061 546 fuit
1088 521 1110 546 a
1137 508 1211 546 deo
1240 507 1500 558 multipliciter
1526 506 1765 557 approbata3

434 590 568 628 ymmo
587 579 691 616 racio
711 579 895 615 naturalis
921 585 958 616 et
986 578 1307 628 philosophorum
1334 579 1553 617 testimonia
1575 578 1649 616 hoc
1673 590 1765 616 con-

435 649 603 686 vincunt.
668 648 830 698 Oportet
843 649 946 686 enim
963 655 1085 686 totum
1101 661 1224 699 genus
1240 649 1454 687 humanum
1474 650 1598 687 vivere
1614 649 1767 698 politice

435 727 477 757 ut
491 720 544 756 vir
559 731 680 766 unus3
711 726 748 757 et
762 732 831 769 per
851 731 1093 769 consequens
1113 726 1265 769 oportet
1288 719 1306 739 *
1328 732 1449 757 unum
1469 732 1552 758 esse
1573 727 1688 769 caput
1707 719 1766 757 vel
1778 726 1826 756 50
1842 733 1872 756 o.

435 791 679 840 capitaneum
707 802 777 840 per
805 802 921 840 quem
950 790 1012 827 alii
1040 791 1270 839 regulentur.
1327 790 1420 829 Non
1449 791 1553 829 enim
1582 790 1767 840 permittit

437 859 596 898 natura¹
618 861 724 911 quod
749 860 826 898 duo
853 860 1032 898 homines
1056 861 1130 898 sint
1157 873 1255 911 eque
1280 861 1455 911 dispositi
1485 861 1616 912 quoad
1635 860 1768 899 omnia

437 932 475 968 in
506 933 579 970 isto
610 932 807 981 regimine,
839 944 910 969 nec
941 931 1113 969 habilitat
1143 939 1277 970 natura
1315 944 1525 982 personam
1563 932 1612 970 ad
1650 933 1767 970 finem

433 1003 602 1052 aliquem
629 1003 702 1040 nisi
722 1015 797 1052 que
819 1003 956 1041 debeat
976 1003 1025 1040 ad
1052 1002 1169 1041 finem
1190 1003 1295 1041 illum
1321 1003 1529 1049 intendere,
1549 1015 1640 1042 cum
1660 1003 1768 1041 aliter

433 1074 529 1111 deus
567 1080 604 1112 et
636 1080 772 1111 natura
802 1086 871 1111 sua
904 1086 974 1123 pro
1008 1074 1084 1111 fine
1122 1073 1253 1123 aliquo
1290 1073 1524 1111 frustratorie
1563 1073 1766 1113 ordinaret.
1783 1086 1824 1110 10

434 1144 550 1182 Unde
580 1144 807 1183 Aristoteles
840 1152 884 1194 30
918 1144 1162 1194 politicorum
1193 1145 1281 1183 dicit
1312 1145 1418 1195 quod
1449 1145 1591 1195 regalia
1621 1145 1661 1182 in
1692 1149 1916 1199 quaAristot.

434 1228 534 1253 unus
562 1216 798 1265 principatur
827 1222 883 1253 est
912 1216 1059 1265 optima
1087 1215 1239 1266 policia.
1296 1215 1348 1253 Et
1367 1216 1418 1254 xii
1445 1214 1698 1266 Metaphisice
1728 1216 1767 1252 in
1779 1193 1851 1266 {³31
1869 1192 1942 1223 le.

434 1286 509 1324 fine
529 1288 667 1336 probat
686 1299 754 1336 per
773 1286 848 1325 hoc
864 1286 970 1336 quod
986 1292 1138 1337 oportet
1152 1287 1309 1324 unicum
1325 1299 1409 1325 esse
1425 1286 1541 1324 deum
1557 1287 1766 1337 principem
1780 1279 1905 1364 &gap

433 1359 610 1396 universi.
669 1358 760 1410 ‚hSed
798 1365 835 1396 et
876 1365 954 1395 tres
995 1358 1117 1396 sancti
1155 1358 1333 1396 doctores
1377 1370 1477 1408 quos
1515 1358 1768 1408 solempnisat

433 1429 607 1474 ecclesia,
628 1429 772 1467 scilicet
788 1429 1029 1475 Ambrosius,
1045 1428 1286 1478 Augustinus
1307 1435 1343 1466 et
1359 1428 1580 1478 Gregorius,
1594 1428 1768 1466 videntur
1782 1442 1820 1474 15

434 1500 587 1538 aludere
625 1500 686 1538 isti
720 1500 924 1538 sentencie.
980 1499 1163 1537 Efficacia
1197 1505 1325 1537 autem
1358 1499 1564 1537 testimonii
1594 1500 1768 1549 ipsorum

433 1577 540 1620 patet
572 1571 613 1608 in
648 1571 765 1609 Sexto
800 1570 1051 1608 decretalium
1082 1570 1120 1608 in
1154 1570 1215 1609 De
1246 1570 1413 1620 reliquiis
1447 1577 1484 1609 et
1514 1571 1766 1609 veneracione
1779 1575 1868 1608 Sexti
1886 1577 1952 1625 De?

432 1648 666 1688 sanctorum,
692 1641 890 1680 Gloriosus
910 1642 1006 1688 deus,
1026 1641 1102 1687 ubi,
1123 1647 1211 1691 post
1235 1640 1608 1679 conmendacionem
1634 1653 1767 1679 eorum
1779 1619 1980 1694 {Irssttssg‘ffi’

431 1713 696 1763 multiplicem,
726 1714 857 1752 iuncto
888 1714 1003 1751 beato
1035 1713 1244 1762 Ieronymo
1278 1713 1451 1762 parificat
1484 1725 1552 1751 eos
1591 1713 1765 1762 quodda-
1778 1706 1856 1737 xxii.
1874 1717 1902 1738 c.
1921 1715 1948 1737 1·

432 1783 580 1821 modo2
610 1790 789 1833 quattuor
821 1783 1076 1833 ewangelistis
1107 1789 1222 1833 atque
1254 1783 1462 1832 apostolis;
1504 1783 1601 1821 festa
1629 1795 1765 1821 eorum
1781 1796 1822 1818 20

432 1855 629 1891 annuatim
652 1853 670 1873 ‘¹‘
694 1855 766 1892 sub
792 1854 933 1903 duplici
960 1853 1186 1892 ordinantur
1210 1853 1337 1892 officio
1360 1867 1428 1903 per
1447 1855 1643 1892 universas
1662 1854 1766 1892 orbis
1779 1859 1859 1889 Pol.
1873 1858 1981 1891 172b.

431 1924 625 1970 ecclesias,
647 1925 686 1961 in
716 1936 794 1974 quo
822 1924 924 1963 facto
953 1925 1099 1962 videtur
1127 1937 1260 1962 eorum
1290 1925 1506 1974 approbare
1537 1925 1765 1963 sentencias.
2000 1907 2010 1921 Ἀ

433 1995 722 2033 Testimonium
746 1995 861 2044 igitur
886 1995 1046 2032 istorum
1067 1995 1212 2032 videtur
1235 1995 1344 2033 valde
1370 2007 1565 2044 pregnans
1591 1995 1766 2033 fidelibus

431 2066 592 2104 ecclesie
619 2065 879 2114 allegandum,
905 2077 994 2103 cum
1024 2065 1179 2114 insuper
1208 2064 1372 2103 fundant
1401 2067 1585 2104 maiorem
1616 2073 1764 2116 partem

431 2137 520 2173 iuris
551 2136 738 2174 canonici.
795 2135 967 2173 Primum
998 2135 1261 2173 testimonium
1292 2142 1447 2185 captum
1479 2149 1501 2174 a
1529 2137 1644 2174 beato
1672 2136 1764 2174 Am·
1777 2142 1819 2172 B.

431 2207 563 2244 brosio
600 2207 755 2256 ponitur
796 2219 856 2254 23.
896 2218 932 2255 q.
967 2206 1040 2243 viii.
1084 2205 1302 2252 Convenz‘or,
1334 2207 1399 2243 ubi
1437 2214 1593 2244 sanctus
1631 2208 1764 2245 recitat
1777 2219 1908 2249 Decret.

431 2277 661 2326 Imperatori
681 2276 792 2314 licere
814 2276 945 2313 omnia
961 2276 1077 2325 ipsius
1094 2288 1176 2314 esse
1192 2277 1376 2322 universa,
1392 2277 1526 2326 supple
1543 2277 1763 2315 humanitus
1777 2261 1817 2344 Ξ
1833 2268 1945 2336 ἓξὲξ·

432 2347 694 2384 (lominabilia.
753 2346 868 2383 Unde
884 2358 964 2383 non
980 2346 1205 2383 contradicit
1218 2347 1276 2383 isti
1292 2347 1520 2396 allegacioni
1534 2347 1601 2385 sed
1617 2347 1764 2385 videtur
1779 2357 1829 2379 21·

432 2429 602 2454 annuere
623 2416 875 2454 concedendo
892 2417 1024 2454 omnia
1040 2417 1144 2454 bona
1160 2429 1228 2454 sua
1244 2429 1327 2454 esse
1341 2417 1563 2466 imperatori
1580 2418 1761 2465 subiecta,

432 2494 470 2524 et
490 2499 557 2536 per
577 2487 681 2524 idem
701 2487 833 2524 omnia
853 2499 927 2536 que
948 2486 1062 2524 habet
1083 2487 1203 2536 legius
1221 2487 1402 2525 Romanii
1417 2488 1575 2537 imperii.
1634 2487 1757 2525 Modi-
1777 2501 1819 2532 30

433 2558 518 2594 fleat
539 2564 667 2595 tamen
691 2556 747 2607 (ut
767 2569 882 2606 supra
902 2556 1094 2607 exposui),
1115 2569 1204 2595 cum
1223 2558 1326 2595 enim
1348 2556 1467 2595 Cesar
1487 2558 1534 2596 sit
1555 2570 1682 2596 servus
1702 2558 1763 2596 dei

431 2635 466 2665 et
493 2627 590 2665 filius
617 2627 775 2665 ecclesie
803 2639 883 2664 non
908 2627 1020 2664 habet
1044 2627 1172 2677 aliqua
1197 2627 1268 2665 nisi
1298 2628 1347 2664 ad
1377 2639 1489 2665 usum
1513 2628 1574 2665 dei
1601 2634 1637 2665 et
1663 2628 1762 2665 utili-

431 2704 547 2735 tatem
569 2697 725 2735 ecclesie
744 2697 914 2742 limitata‚
931 2709 1003 2735 nec
1025 2697 1109 2734 licet
1131 2697 1201 2734 sibi
1221 2697 1430 2747 quicquam
1451 2710 1676 2736 consumere
1690 2698 1764 2736 nisi

431 2769 469 2805 in
508 2768 667 2805 servicio
706 2767 854 2804 domini
893 2767 1075 2816 capitalis.
1143 2767 1364 2805 Secundum
1402 2768 1665 2806 testimonium
1705 2774 1762 2806 est

432 2839 576 2877 dictum
603 2839 809 2888 Augustini
838 2839 1005 2887 positum
1032 2839 1103 2876 viii.
1136 2838 1183 2875 di.
1218 2838 1296 2884 Quo
1330 2839 1420 2883 ιἰινε,
1444 2838 1508 2875 ubi
1537 2838 1627 2876 dicit
1656 2838 1761 2888 quod
1773 2842 1902 2873 Decret.

1851 2893 1859 2905 Υ

562 2919 568 2935 ¹
595 2929 670 2950 nam
689 2923 753 2959 pro
775 2923 899 2957 natura,
919 2927 953 2949 Α.
1219 2917 1230 2934 ²
1252 2918 1498 2958 quoddamodo,
1515 2929 1575 2950 om.
1594 2927 1626 2950 Α.
1773 2886 1917 2959 {sul-
