2018 3401
133 283 215 333 276

129 464 193 490 The
206 463 369 496 priesthood

129 498 180 523 has
194 499 259 523 thus
273 498 386 524 become

128 531 193 562 vile,
208 532 262 557 and
277 541 365 558 worse

129 565 196 590 than
210 574 266 597 any
277 565 324 598 lay

129 598 281 625 condition.

130 895 338 923 Renunciation
352 896 385 924 of

128 930 176 956 the
190 930 341 956 Caesarian

127 965 306 990 endowment

128 998 223 1023 would
236 1006 300 1024 cure

128 1031 207 1058 these
220 1031 273 1058 ills.

128 1533 154 1558 A
167 1531 329 1565 theologiam

127 1566 210 1592 could
224 1566 300 1591 show
312 1565 345 1598 (i)

129 1600 191 1625 that
206 1606 234 1625 to
248 1609 305 1624 war

128 1632 315 1665 righteously,

127 1667 237 1698 though
250 1665 379 1698 possible,

128 1699 152 1725 is
165 1700 300 1730 difficu1t;
319 1699 362 1731 (ii)

128 1733 156 1759 in
170 1734 245 1759 what
260 1742 338 1759 cases
352 1733 372 1759 it

129 1766 151 1792 is
166 1767 259 1792 lawsul
272 1767 329 1792 and

129 1800 164 1826 its
177 1801 284 1833 danger
297 1800 324 1826 in

128 1834 238 1864 others-3
257 1834 311 1866 (iii)

128 1867 164 1892 its
177 1873 287 1899 greater
300 1868 366 1893 dan-

129 1910 179 1937 ger
192 1910 255 1926 now
269 1901 337 1926 than
352 1900 378 1926 in

128 1935 175 1959 the
189 1934 255 1959 time
269 1935 299 1960 os
316 1935 363 1960 the

128 1967 185 1994 Old
198 1968 371 1994 Testament-

127 2234 178 2267 (iv)
189 2234 263 2260 That
278 2234 298 2260 it
312 2233 335 2260 is

130 2277 205 2293 more
216 2268 351 2294 conform-

129 2302 192 2327 able
207 2308 234 2327 to
249 2302 295 2327 the
309 2302 361 2326 law

129 2335 162 2360 os
171 2335 276 2366 Christ,
291 2341 339 2361 not
350 2340 379 2360 to

130 2377 197 2395 war.

130 2542 170 2573 (v)
187 2540 261 2566 That
275 2539 323 2565 the

130 2575 225 2606 clergy
236 2573 336 2599 should
350 2578 399 2599 not

131 2609 243 2640 employ
257 2607 304 2632 the
318 2607 388 2632 alms

130 2642 213 2674 given
228 2641 303 2666 them
317 2640 343 2665 in

131 2684 188 2700 war
201 2675 251 2700 but
265 2674 365 2700 should

131 2708 234 2741 preach
247 2716 340 2741 peace.

814 297 880 329 DE
911 297 1105 331 OFFICIO
1138 299 1290 332 REGIS.

410 398 535 448 magis
570 399 790 439 intendere:
819 408 855 439 et
881 403 936 440 sic
961 403 1152 452 gradatim
1182 416 1250 454 per
1278 403 1546 442 subtilissimas
1570 403 1736 442 cautelas

411 469 564 513 diaboli,
595 470 865 520 sophisticatur
892 473 1052 511 ecclesia
1089 486 1111 511 a
1140 474 1264 522 gradu
1298 474 1485 512 altissimo
1519 486 1613 524 pure
1644 486 1739 524 apo-

412 540 546 578 stolico
566 541 604 577 in
627 542 887 581 sacerdotibus
904 555 1026 593 usque
1047 545 1096 582 ad
1111 544 1274 593 gradum
1289 544 1516 582 vilissimum
1531 545 1739 594 sophistice

409 618 645 661 agregatum.
720 611 836 650 Unde
874 620 911 650 et
949 613 1040 650 illud
1078 613 1127 651 de
1160 621 1260 652 statu
1298 621 1482 664 agregato
1520 615 1741 665 turpissimo

408 681 697 720 considerarent
711 682 721 702 ¹
742 689 948 722 tractantes
968 683 1015 721 de
1035 684 1244 722 maioritate
1265 690 1302 722 et
1321 685 1560 731 obediencia,
1582 692 1619 722 et
1647 691 1738 723 tunc
1751 695 1770 728 5

407 751 503 790 forte
523 760 804 802 cognoscerent
825 754 933 804 quod
962 760 1083 792 status
1103 754 1231 792 totalis
1261 767 1378 805 quem
1407 755 1460 793 sic
1489 755 1741 805 magnificant

409 823 455 860 sit
485 823 631 872 turpior
668 836 785 873 quam
824 831 943 862 status
981 825 1118 874 aliquis
1157 825 1312 863 laicalis.
1370 825 1421 862 Et
1459 825 1534 863 hoc
1574 838 1642 875 per
1679 825 1741 862 dei

410 894 580 943 graciam
596 895 777 932 excitaret
792 907 860 933 eos
875 895 925 932 ad
941 895 1271 933 renuncciandum
1285 895 1530 934 dotacionem
1544 907 1742 933 cesaream

410 977 480 1014 per
508 977 627 1015 quam
655 965 743 1003 licet
772 965 921 1004 mundo
949 965 1189 1015 resplendeat
1214 965 1356 1003 vilescit
1385 972 1503 1003 status
1529 965 1652 1004 fetens
1681 965 1740 1002 in-

408 1036 595 1075 trinsecus
608 1035 630 1075 ².
674 1036 724 1074 Et
745 1043 836 1075 tunc
855 1049 903 1075 ex
923 1048 1003 1074 uno
1023 1036 1140 1074 latere
1160 1036 1369 1074 saciaretur
1389 1036 1428 1072 in
1448 1035 1546 1073 civili
1567 1035 1738 1075 dominio
1754 1048 1794 1071 10

408 1107 639 1145 secularium
678 1108 870 1157 appetitus
882 1120 892 1154 ;
930 1119 978 1145 ex
1013 1107 1089 1145 alio
1127 1106 1244 1144 latere
1284 1111 1504 1156 suppeteret
1542 1105 1597 1143 eis
1635 1106 1740 1144 unde

407 1179 527 1216 laicus
547 1178 604 1216 vel
626 1178 784 1217 clericus
804 1178 884 1216 sine
908 1177 1085 1227 symonia
1105 1182 1141 1215 et
1161 1176 1350 1214 blasfema
1371 1176 1600 1214 detencione
1622 1175 1740 1214 curati

408 1262 431 1287 a
463 1261 554 1287 cura
585 1249 767 1299 pastorali
793 1249 832 1285 in
863 1260 934 1286 suo
957 1248 1168 1286 ministerio
1199 1248 1246 1285 sit
1275 1246 1511 1294 conductus;
1545 1259 1594 1284 ex
1624 1246 1740 1284 tercio

406 1319 522 1358 latere
553 1332 620 1369 per
658 1319 852 1357 efficacem
890 1318 978 1356 cleri
1017 1317 1352 1367 exemplacionem
1383 1323 1419 1354 et
1453 1317 1624 1354 vivacem
1658 1316 1741 1354 eius

406 1390 723 1428 exhortacionem
754 1389 945 1427 seculares
975 1395 1220 1426 moverentur
1249 1388 1495 1425 renuncciare
1526 1386 1583 1424 vel
1612 1387 1739 1425 minus
1754 1399 1792 1433 15

407 1461 505 1499 affici
553 1460 687 1498 mundi
734 1460 878 1498 diviciis
926 1466 963 1497 et
1011 1460 1064 1497 sic
1110 1458 1253 1496 habere
1300 1458 1472 1507 undique
1520 1469 1660 1507 pacem
1702 1464 1740 1495 et

408 1531 656 1570 concordiam
694 1543 783 1569 cum
821 1531 962 1568 exteris
1000 1530 1174 1568 inimicis.
1242 1529 1470 1578 Theologus
1508 1535 1636 1567 autem
1673 1540 1740 1566 ex-

411 1604 602 1641 aminatus
640 1603 680 1640 in
711 1602 782 1640 isto
816 1614 884 1651 per
917 1601 1080 1640 modum
1114 1600 1264 1638 consilii
1302 1607 1434 1650 posset
1468 1600 1594 1638 dicere
1633 1598 1741 1649 quod

409 1673 591 1724 possibile
644 1672 712 1711 sed
769 1672 922 1710 difficile
973 1677 1030 1711 est
1078 1683 1276 1721 gwerrare.
1362 1670 1544 1708 Secundo
1596 1670 1740 1708 diceret

408 1745 523 1795 plane
552 1745 637 1783 talis
666 1757 808 1795 gwerre
837 1744 1038 1782 licenciam
1067 1749 1104 1781 et
1133 1741 1285 1780 aliunde
1315 1741 1537 1791 periculum.
1594 1740 1736 1779 Tercio
1751 1749 1791 1772 20

409 1816 548 1854 diceret
587 1815 693 1866 quod
721 1815 864 1853 bellum
903 1820 960 1852 est
999 1813 1116 1851 hodie
1154 1812 1404 1863 periculosius
1442 1823 1561 1862 quam
1600 1810 1668 1848 fuit
1701 1811 1741 1848 in

409 1887 525 1924 veteri
562 1892 803 1924 testamento.
861 1884 976 1922 Tunc
1015 1884 1118 1922 enim
1156 1883 1344 1920 bellarunt
1387 1895 1435 1920 ex
1478 1880 1742 1919 revelacione³

412 1959 558 1998 domini
597 1964 733 1997 contra
770 1957 944 1995 infideles
991 1963 1149 2006 propter
1192 1955 1441 1992 hereditatem
1480 1965 1599 2002 quam
1647 1952 1742 1990 deus

408 2030 478 2068 illis
526 2029 744 2075 donaverat,
789 2027 857 2065 sed
904 2027 1020 2065 hodie
1067 2026 1269 2064 deficiente
1316 2024 1389 2062 isto
1427 2024 1571 2062 habent
1608 2035 1740 2071 super-

407 2100 538 2138 addita
567 2088 685 2138 Cristi
715 2099 875 2137 consilia
905 2097 955 2136 ad
983 2109 1057 2147 que
1091 2096 1256 2146 amplius
1287 2095 1506 2143 obligantur
1536 2105 1654 2144 quam
1688 2092 1737 2130 ad
1751 2109 1790 2142 25

409 2178 593 2222 precepta
631 2176 766 2208 neutra
804 2169 945 2208 terreni
989 2168 1174 2218 principis
1219 2166 1277 2204 vel
1325 2164 1504 2215 spiritalis
1546 2163 1741 2214 prepositi.

411 2243 561 2290 Quarto
600 2241 818 2280 consuleret
856 2252 946 2278 cum
978 2239 1025 2277 sit
1060 2239 1189 2277 sanius
1228 2236 1398 2275 securius
1436 2241 1474 2272 et
1511 2234 1587 2284 legi
1626 2233 1796 2272 CristiR.

408 2314 646 2352 conformius
680 2312 787 2362 quod
821 2310 1009 2349 seculares
1041 2315 1191 2348 cessent
1220 2320 1242 2345 a
1271 2306 1438 2358 gwerris,
1467 2305 1555 2343 licet
1584 2316 1662 2354 quo
1692 2303 1741 2342 ad

410 2385 629 2424 civilitatem
666 2382 899 2433 perdiderint
936 2386 1131 2418 terrenum
1169 2378 1396 2416 dominium.
1454 2375 1599 2413 Stultus
1637 2374 1740 2412 enim

409 2457 505 2494 foret
534 2454 600 2504 qui
620 2454 844 2491 inniteretur
863 2464 928 2491 ore
950 2451 1055 2488 lacus
1068 2450 1081 2470 ‘²
1101 2448 1223 2488 labilis
1249 2454 1286 2486 et
1305 2446 1485 2497 profundi
1501 2445 1593 2484 dum
1609 2450 1735 2496 posset
1750 2457 1791 2488 30

410 2539 478 2575 per
503 2524 674 2562 medium
697 2529 812 2561 strate
838 2522 940 2570 regie
970 2521 1128 2558 faciliter
1157 2518 1301 2557 munde
1325 2525 1362 2555 et
1389 2529 1521 2555 secure
1550 2515 1736 2553 incedere.

413 2596 561 2643 Quinto
591 2594 809 2633 consuleret
838 2592 943 2642 quod
978 2591 1100 2629 clerus
1131 2602 1202 2627 nec
1231 2589 1329 2627 sua⁵
1354 2587 1605 2638 prodigaliter
1633 2586 1671 2623 in
1699 2597 1740 2624 se

413 2672 618 2706 consumat
630 2666 655 2711 ⁶,
685 2676 756 2702 nec
783 2669 945 2712 gwerret
978 2674 1068 2700 cum
1099 2659 1309 2699 elemosina
1336 2671 1454 2708 quam
1487 2657 1677 2696 seculares
1706 2657 1741 2694 ei

455 2747 466 2766 ¹
483 2746 702 2779 consideraret
720 2750 782 2786 pro
797 2743 1050 2780 considerarent,
1067 2750 1101 2773 Α.
1182 2739 1194 2757 ²
1210 2740 1387 2772 intresecus
1403 2743 1468 2780 pro
1485 2737 1687 2775 intrinsecuS,
1704 2743 1737 2767 Α.

410 2800 421 2818 ³
439 2799 646 2836 revelatione,
666 2805 707 2832 Α;
732 2795 895 2827 relacione
916 2805 932 2825 e
955 2792 1166 2829 revelacione,
1183 2796 1359 2824 correctum
1377 2798 1408 2823 B.
1497 2789 1509 2807 ⁴
1533 2798 1630 2821 omne
1652 2788 1740 2819 latus

404 2859 468 2895 pro
484 2864 538 2885 ore
555 2852 654 2884 lacus
667 2858 700 2882 Α.
769 2849 781 2867 ·”
805 2849 910 2881 clerus
925 2859 984 2880 nec
1000 2857 1057 2878 sua
1073 2846 1193 2878 emend.
1209 2845 1293 2877 Edd.
1306 2849 1369 2887 pro
1385 2854 1443 2876 nec
1460 2842 1563 2876 clerus
1579 2852 1654 2874 suus
1669 2851 1738 2882 nec,

412 2914 447 2944 Α,
467 2913 495 2936 13.
629 2903 641 2920 ⁰
666 2902 834 2934 consinuat
844 2905 907 2942 pro
923 2903 1101 2934 consumat,
1120 2906 1153 2930 Α.
