2018 3401
126 324 206 364 162
818 333 881 364 DE
914 332 1110 365 orrrcro
1144 332 1299 364 REGis.

401 439 571 475 dez-ionem
589 443 806 487 acceperam,
823 439 921 475 sicut
933 443 971 475 lu
987 439 1114 475 melius
1126 439 1230 485 nosti,
1245 443 1288 475 ul
1300 439 1444 475 omnino
1458 438 1549 474 desit
1559 438 1657 475 locus
1669 436 1736 473 ztbz'

389 510 478 558 fill’z'
501 510 676 546 nobsll‘um
700 514 768 546 aul
784 511 1011 546 emeritorum
1042 510 1196 546 militum
1221 511 1478 559 possessionem
1504 511 1708 557 acciperent
1719 523 1732 545 .-

401 581 544 629 meoque
559 586 728 617 vacanles
743 594 786 617 ac
798 582 875 617 εἰπε
886 582 1064 629 com'ugzb,
1080 585 1210 618 exacto
1222 586 1375 630 tempore
1378 581 1595 629 puberlalzk,
1609 581 1667 617 vel
1679 581 1732 616 in-

400 653 550 689 lcndzml
562 653 572 672 ¹
586 652 742 689 luxurie
756 657 789 688 cl
801 652 1052 701 clle'z‘sacz'norz'
1063 652 1172 701 infra
1188 665 1341 702 regnum
1357 653 1597 701 aulpalriczm
1613 664 1731 697 suam,

121 731 197 757 How
207 731 289 757 much
300 730 466 772 worsepro
482 735 555 771 qua
576 724 736 759 mz'lz'lare
756 723 962 768 debuerant,
978 727 1206 760 lrsznseunles
1219 723 1437 772 perlzcrbenl
1448 724 1641 761 ecclesiam.
1693 722 1729 761 O
1744 730 1761 761 5

121 765 334 829 ffissifflssgffi
400 794 431 831 si
458 794 528 831 iste
550 801 702 831 sanctus
722 793 827 843 pugil
847 794 1005 832 ecclesie
1026 794 1166 832 viveret
1191 793 1288 832 iam²
1308 794 1368 832 hic
1395 795 1434 831 in
1459 795 1568 831 terris
1587 794 1731 831 videret

121 841 196 858 more
210 833 320 857 endow-

120 872 210 932 πέἰῐὲῑῐῑ
220 866 275 926 {md
285 866 337 892 10⁵⁵
347 875 387 892 re-
400 870 546 914 quanta
564 865 759 914 possessio
779 865 887 914 regni
908 866 1049 903 nostris
1069 866 1115 903 sit
1134 865 1393 903 fraudulenter
1409 865 1542 902 furtive
1563 872 1600 903 et
1622 877 1732 901 men-

399 935 543 973 daciter
578 936 627 972 ad
661 948 823 973 manum
861 942 1056 973 mortuam
1095 936 1269 986 spoliata,
1298 936 1520 985 videretque
1559 935 1732 973 secundo

398 1007 598 1056 quomodo
618 1007 729 1056 pauci
751 1007 874 1056 ignari
894 1008 1090 1057 religionis
1119 1007 1353 1045 monastice8
1373 1008 1488 1044 nimis
1509 1007 1731 1045 seculariter

398 1084 591 1127 occupant
605 1078 675 1115 ista
688 1079 801 1126 bona,
815 1085 851 1117 et
865 1078 1008 1116 videret
1022 1085 1066 1127 30
1074 1079 1275 1128 quomodo
1289 1078 1491 1116 occasione
1505 1078 1603 1115 illius
1616 1077 1731 1115 tercie
1747 1095 1787 1117 10

399 1149 578 1187 discrasie
599 1156 678 1187 tota
705 1149 838 1199 religio
864 1150 990 1199 gentis
1020 1156 1148 1188 nostre
1180 1149 1405 1195 dissolvitur,
1428 1149 1640 1186 clamitaret
1663 1160 1730 1197 pre
1746 1160 1788 1190 G,

398 1221 710 1258 monstruositate
740 1221 920 1259 facinoris
950 1221 1032 1258 ‘Ve
1054 1221 1159 1270 genti
1180 1221 1291 1258 huius
1317 1218 1543 1269 peccatrici.'
1601 1219 1731 1257 Hodie

122 1298 366 1331 Now-a-daysthe
399 1304 567 1342 namque
588 1292 724 1329 dicitur
744 1292 851 1342 quod
871 1292 1102 1329 monasteria
1132 1291 1179 1329 de
1208 1291 1279 1329 illis
1308 1291 1441 1341 paucis
1471 1291 1607 1340 ineptis
1634 1302 1732 1340 quos

122 1332 220 1358 monks
235 1339 320 1358 waste
338 1333 386 1358 the

119 1367 333 1432 ffiffissssytffiie
399 1363 448 1400 ad
476 1363 700 1412 religionem
731 1375 840 1400 suam
870 1363 1064 1412 accipiunt
1097 1362 1302 1400 vendicant
1341 1362 1562 1412 symoniace
1602 1362 1733 1399 dotem

120 1442 239 1493 {gcffssffn
242 1434 385 1494 fntruffied
400 1434 670 1483 temporalium
703 1435 753 1471 ab
795 1440 967 1483 accepto,
1002 1434 1248 1483 venduntque
1283 1433 1459 1471 corrodia
1493 1439 1528 1470 et
1561 1433 1732 1470 maneria
1748 1445 1786 1477 15

402 1505 622 1555 patrimonii
663 1505 773 1543 Cristi
808 1512 844 1542 ct
885 1505 1096 1542 elemosine
1135 1504 1222 1542 date
1261 1505 1495 1554 pauperibus
1534 1510 1731 1552 tamquam

400 1577 634 1614 comercium
667 1577 849 1623 seculare,
872 1584 908 1614 et
938 1589 1026 1614 cum
1055 1576 1186 1626 precio
1215 1588 1318 1613 nunc
1339 1575 1565 1624 voluptuose
1593 1576 1732 1622 vivunt,

400 1661 503 1686 nunc
524 1648 694 1685 redditus
715 1648 931 1697 impetrant,
955 1660 1058 1685 nunc
1079 1654 1309 1685 mercantur.
1366 1647 1416 1683 Et
1442 1659 1489 1683 ex
1513 1646 1587 1684 alio
1616 1646 1733 1684 latere

397 1720 579 1758 ordinarii
605 1719 860 1769 multiplicant
894 1731 998 1756 nunc
1020 1719 1136 1756 verba
1166 1724 1203 1755 et
1223 1718 1327 1767 leges
1356 1717 1562 1755 blasfemas
1592 1717 1638 1758 de
1665 1730 1734 1755 sua

398 1791 591 1840 potencia,
629 1803 732 1828 nunc
777 1791 979 1827 inbursant
1017 1789 1306 1828 consenciendo
1344 1789 1505 1826 facinori
1545 1796 1732 1827 extortam
1749 1803 1790 1824 20

399 1863 639 1912 peccuniam,
681 1869 718 1899 et
755 1874 858 1899 nunc
906 1862 1183 1899 tradicionibus
1222 1862 1299 1899 suis
1347 1866 1511 1899 onerant
1558 1860 1732 1898 laicalem

398 1934 601 1971 ecclesiam
636 1933 750 1970 nimis
789 1933 893 1982 gravi
932 1945 1061 1970 annua
1090 1933 1278 1982 pensione
1294 1933 1318 1969 ⁴.
1374 1931 1424 1968 Et
1458 1944 1506 1969 ex
1542 1938 1587 1980 30
1615 1933 1732 1969 latere

399 2005 590 2054 predones
620 2003 738 2041 seculi
769 2016 872 2041 nunc
897 2003 1128 2041 tumultuose
1154 2002 1364 2040 defendunt
1384 2003 1455 2040 hec
1476 2003 1598 2051 spolia
1621 2002 1639 2021 *
1662 2014 1732 2051 pro
1747 2018 1793 2047 35
1810 2025 1842 2047 a,

400 2075 600 2124 temporali
630 2075 689 2112 vel
721 2087 851 2112 annua
878 2075 1065 2124 pensione
1080 2075 1106 2121 ⁴,
1133 2086 1235 2111 nunc
1264 2073 1458 2111 maiores⁵
1492 2080 1529 2110 et
1563 2074 1733 2111 minores

401 2147 571 2196 spoliatis
609 2147 841 2196 pauperibus
880 2147 1044 2184 simonie
1083 2146 1351 2196 participando
1390 2145 1656 2190 consenciunt‚
1693 2150 1730 2181 et
1750 2155 1788 2186 25

400 2230 504 2256 nunc
552 2230 714 2267 regnum
762 2223 939 2255 nostrum
988 2218 1270 2267 depauperatus
1316 2217 1467 2263 milicia,
1506 2224 1542 2254 et
1589 2217 1734 2254 nedum

401 2302 562 2339 regnum
583 2290 651 2327 sed
670 2301 768 2339 pene
789 2296 889 2327 totus
911 2289 1223 2327 Cristianismus6
1239 2289 1352 2326 sentit
1372 2289 1510 2326 exinde
1531 2289 1735 2338 perplexas

123 2360 568 2429 {ffffnffigignrlzggffiniurias.
623 2360 718 2398 Ideo
738 2372 828 2398 vero
858 2360 949 2398 dicit
976 2360 1046 2398 iste
1071 2367 1227 2398 sanctus
1248 2360 1353 2410 quod
1373 2366 1481 2397 erant
1501 2359 1735 2397 donaciones

124 2437 334 2464 mentsfoolish-
403 2443 540 2480 regum
559 2431 787 2469 stultissime.
836 2431 966 2477 Stulte,
983 2432 1073 2481 quia
1089 2431 1249 2469 credunt
1264 2430 1455 2468 dominia⁷
1469 2430 1522 2467 eis
1538 2430 1736 2479 placencia

402 2510 440 2540 et
469 2503 574 2540 licita
608 2502 749 2540 debere
783 2503 908 2540 eciam
942 2502 1117 2551 religioni
1150 2501 1378 2539 monachice
1414 2501 1652 2550 proficiendo
1685 2500 1733 2538 ad
1749 2517 1789 2547 30

403 2573 599 2622 utriusque
629 2573 808 2610 meritum
843 2573 1095 2622 complacere.
1157 2572 1374 2618 Stulciorcs,
1407 2573 1498 2622 quia
1536 2572 1734 2610 credentes

404 2644 509 2694 quod
543 2644 582 2681 in
613 2644 693 2681 istis
727 2651 799 2681 stat
835 2644 942 2693 regni
982 2644 1216 2693 prosperitas
1254 2643 1499 2680 accumulant
1536 2650 1660 2681 sectas
1697 2650 1734 2680 et

406 2716 640 2764 irreligiones
677 2715 860 2763 insolitas,
899 2715 1003 2753 unde
1043 2715 1203 2752 surrexit
1249 2714 1390 2764 duplex
1428 2715 1587 2764 penuria
1626 2714 1734 2764 regni

449 2818 459 2835 ¹
485 2819 671 2857 incendunt,
689 2827 723 2849 Α.
835 2819 847 2836 ²
870 2819 936 2850 iam
958 2819 1091 2857 viveret,
1115 2818 1184 2850 ord.
1209 2817 1278 2848 inv.
1305 2825 1335 2848 Β.
1449 2817 1460 2833 ³
1483 2817 1683 2855 monachice,
1702 2824 1733 2848 B.

445 2881 551 2901 annua
566 2871 722 2911 pensione
737 2881 817 2902 corr.
837 2871 923 2902 Edd.
934 2875 999 2911 pro
1016 2869 1291 2911 animapensione,
1308 2878 1342 2907 Α,
1361 2877 1389 2899 1³.
1503 2869 1514 2886 ⁵
1538 2869 1681 2908 maioris,
1700 2877 1732 2899 Λ.

407 2921 417 2937 ⁶
443 2923 712 2957 cristianissirnus,
734 2932 764 2954 Α.
877 2921 888 2938 ⁷
913 2923 1022 2953 divina
1040 2927 1102 2963 pro
1118 2922 1274 2960 dominia,
1294 2930 1322 2951 Β.

407 2870 417 2886 4
