2018 3401
122 299 202 350 258
831 302 893 333 DE
927 300 1117 333 oFF1c1o
1151 298 1307 330 REGis.

399 407 571 448 animas1
592 415 799 457 antequam
830 407 1093 456 desponsetur,
1115 412 1156 441 ut
1186 410 1289 453 patet
1318 402 1364 439 de
1396 400 1580 439 Cornelio
1609 407 1646 439 et
1675 401 1726 438 sic

397 483 445 520 de
466 481 634 519 diabolo.
690 480 741 516 Et
762 479 936 529 quamvis
957 477 1082 515 David
1111 482 1242 514 noster
1263 481 1412 524 septem
1433 485 1576 511 uxores
1595 471 1728 509 habuit
1742 474 1786 509 Q„

396 566 444 591 ex
465 553 604 602 quibus
624 551 721 588 filios
742 550 969 600 procreavit,
990 555 1031 585 ut
1056 547 1308 598 prophetatur
1329 545 1490 583 Yesaias
1510 544 1561 580 iiii
1581 544 1726 592 Appre-
1742 544 1783 575 Is.
1802 544 1843 575 iv.
1864 553 1891 575 1.

395 626 547 663 henderit
571 627 699 672 septem
728 623 895 658 mulieres
915 622 1039 658 virum
1064 632 1188 664 unum,
1209 624 1340 655 tamen
1360 629 1408 654 ex
1430 615 1629 660 Betsabee,
1650 625 1727 664 que

116 704 360 738 solomonatype
394 697 660 744 interpretatur
695 693 770 730 filia
796 692 974 741 potentis,
1001 691 1132 740 genuit
1163 689 1423 732 Salomonem,
1446 687 1511 735 qui
1539 686 1725 734 interpre-
1740 698 1758 730 5

113 739 373 832 ΞΞΙΞΞΞξΡῗτῖᾞῖΞῖ-ἰε
394 774 494 805 tatur
524 778 591 802 rex
626 764 821 814 pacificus,
852 763 941 812 quia
975 762 1154 812 gentibus
1179 760 1351 808 undique
1378 757 1547 808 pacificis
1583 757 1621 793 in
1652 756 1726 793 fide

394 837 555 876 ecclesie
576 837 714 874 tributa
735 834 940 884 spiritualia
960 846 1004 871 ac
1025 832 1233 870 ministeria
1255 830 1400 869 Cristus
1421 830 1470 866 ab
1489 829 1542 866 eis
1563 827 1723 876 accepit,

394 922 438 947 ac
470 908 656 957 templum
689 905 883 955 spirituale
915 917 984 954 pro
1011 904 1306 954 quibuscunque
1332 900 1497 950 fugitivis
1518 898 1725 937 constituit.

394 980 496 1018 Cum
517 986 645 1016 autem
665 989 809 1026 corpus
838 976 1031 1013 misticum
1053 974 1166 1012 Cristi
1196 973 1270 1010 dici
1300 972 1438 1022 poterit
1460 971 1542 1020 ipse
1563 969 1723 1014 Cristus,

393 1059 472 1089 tam
508 1051 695 1088 Salomon
727 1061 843 1098 quam
883 1048 978 1085 filius
1012 1047 1094 1084 eius
1129 1045 1323 1090 Roboam,
1352 1044 1418 1092 qui
1457 1043 1725 1092 interpretatur
1743 1053 1782 1075 10

392 1122 595 1160 multitudo
615 1120 761 1170 populi,
783 1120 858 1157 dici
879 1120 1015 1169 poterit
1037 1117 1184 1155 Cristus
1205 1116 1295 1165 quia
1313 1115 1393 1152 eius
1414 1113 1589 1151 ecclesia.
1649 1111 1725 1149 Sed

390 1206 478 1231 cum
509 1194 701 1230 mullitudo
733 1193 780 1229 sit
819 1195 936 1229 mater
969 1189 1200 1232 scducczonis,
1231 1187 1402 1235 paucitas
1442 1190 1572 1221 autem
1612 1183 1723 1219 dz'scz'-
1737 1187 1906 1236 Chrysost.

385 1266 487 1314 pline
514 1266 710 1313 magestra‚
732 1264 917 1313 figuratur
947 1259 1148 1310 quomodo
1180 1257 1343 1295 ecclesia
1368 1259 1408 1294 in
1439 1254 1573 1305 paucis
1594 1253 1722 1303 viguit,
1737 1231 1800 1263 1⁰⁶⁶
1819 1237 1872 1262 m·

390 1344 427 1375 et
454 1337 492 1373 in
521 1336 765 1374 sacerdotum
795 1346 840 1372 ac
873 1332 1006 1382 populi
1035 1329 1278 1367 multitudine
1312 1340 1390 1378 quo
1420 1327 1469 1364 ad
1495 1325 1723 1375 religionem

110 1407 505 1484 {gtoffgrrlxl’gggtofCristi
550 1407 726 1444 decrevit.
793 1404 899 1442 ll'am
947 1402 1057 1439 sicud
1100 1406 1253 1450 tempore
1290 1399 1476 1435 senectutis
1514 1397 1722 1435 Salomonis
1740 1413 1777 1445 15

111 1478 159 1544 {fig
169 1470 322 1546 {flffirghtssff
331 1487 362 1512 of
383 1480 572 1528 peccantis
609 1478 792 1515 excilavit
828 1475 994 1512 dominus
1031 1473 1166 1510 saman
1203 1475 1331 1508 conlra
1370 1482 1460 1514 eum,
1491 1475 1529 1506 et
1569 1467 1722 1504 detrun-

288 1540 294 1546 ·
391 1550 489 1587 cavit
509 1548 704 1586 modicam
725 1553 872 1596 partem
893 1545 1011 1594 regni,
1032 1544 1086 1581 sic
1116 1554 1238 1592 prope
1269 1541 1386 1578 finem
1414 1539 1533 1589 partis
1561 1537 1722 1575 ecclesie

390 1620 548 1658 viventis
582 1617 883 1668 exproprietarie
917 1615 1067 1653 abscisa
1097 1620 1153 1650 est
1183 1613 1222 1649 in
1255 1618 1362 1661 parte
1396 1623 1418 1647 a
1451 1610 1556 1648 clero
1588 1609 1721 1656 religio

103 1697 355 1763 jlssceggfiogfrffiere-
391 1692 580 1729 cristiana.
650 1689 698 1726 Et
735 1689 832 1726 sicut
870 1694 1045 1735 tempore
1084 1684 1264 1722 Roboam
1304 1683 1490 1719 obicientis
1527 1681 1818 1717 consiliumlbid.

108 1764 573 1831 glssgecgpggssllsgfsseniorum
607 1765 641 1797 el
668 1760 844 1809 sequentis
874 1758 1028 1795 consilia
1066 1757 1236 1792 iuvenum
1275 1758 1520 1790 coetaneorum
1558 1763 1720 1795 suorum,
1739 1752 1878 1802 Iul-<ings

105 1832 362 1892 {ffssi‘ssss'uf'g'p‘imi‘
393 1834 446 1870 ad
478 1834 627 1882 plenum
675 1831 875 1868 conscz‘sum
918 1833 971 1865 est
1015 1839 1169 1876 regnum
1213 1827 1265 1862 ila
1311 1828 1352 1861 ut
1394 1825 1508 1860 decem
1554 1821 1724 1859 lribubus
1737 1806 1804 1870 {gh
1826 1805 1874 1836 13'

381 1905 582 1954 proprium
609 1915 728 1951 regem
763 1901 834 1938 Sibi
865 1899 1089 1937 facientibus
1129 1898 1196 1933 due
1223 1893 1392 1932 lanlum²
1423 1894 1542 1931 lribus
1576 1904 1723 1929 reman-

389 1980 516 2013 serunt
543 1987 622 2011 cum
649 1973 829 2017 Roboam,
859 1972 913 2007 sic
936 1970 1098 2019 populus
1131 1968 1334 2004 crz'slianus
1368 1966 1543 2014 inprimis
1579 1964 1719 2012 quidem
1736 1978 1780 2006 Β,

389 2047 470 2083 bene
522 2057 637 2094 agens
684 2047 931 2093 prosperatus
981 2044 1034 2077 est
1086 2043 1127 2075 ul
1175 2037 1362 2081 Salomon,
1411 2036 1475 2073 sed
1512 2034 1726 2083 procedenti

388 2123 541 2166 tempore
573 2128 655 2153 cum
688 2116 836 2163 cepisset
866 2124 993 2150 amare
1025 2122 1172 2147 carnem
1207 2112 1240 2145 el
1272 2106 1427 2156 propria
1456 2106 1570 2155 quasi
1593 2105 1722 2155 filiam
1740 2129 1777 2161 25

388 2188 618 2232 Pharaonis,
641 2185 835 2224 suscitavit
857 2182 1032 2220 diabolus
1054 2186 1189 2218 contra
1210 2178 1412 2216 ecclesiam
1436 2178 1611 2226 spiritum
1633 2176 1722 2212 scis-

390 2261 500 2296 malz's
520 2258 630 2296 etsie
654 2258 694 2294 in
725 2255 936 2293 novissimo
968 2260 1145 2301 tempore
1174 2249 1306 2299 populi
1341 2247 1520 2293 cristiani,
1541 2246 1652 2296 quasi
1683 2246 1723 2282 in

109 2341 352 2401 {uffeslcgiitsr'ngnos
391 2337 565 2379 tempore
580 2328 774 2372 Roboam,
787 2324 1035 2362 habundante
1048 2321 1258 2370 iniquitate,
1272 2318 1540 2367 refrigescente
1555 2317 1722 2361 caritate,

110 2385 377 2472 giffusrccissifflifosthe
390 2401 524 2450 plenus
554 2409 765 2437 concussus
795 2403 851 2434 est
879 2394 1045 2444 populus
1075 2392 1286 2435 cristianus,
1309 2390 1360 2426 ita
1379 2395 1421 2425 ut
1440 2388 1611 2425 maxima
1631 2398 1721 2436 pars

228 2466 234 2473 ’
389 2471 656 2509 cristianorum
664 2468 852 2505 dividatur
865 2467 902 2503 in
910 2466 1075 2509 hereses,
1086 2462 1230 2500 faciens
1245 2461 1314 2499 sibi
1328 2459 1505 2509 proprios
1518 2459 1721 2507 episcopos
1736 2481 1778 2512 30

388 2541 497 2591 quasi
513 2540 689 2590 proprios
706 2550 826 2587 reges,
844 2543 881 2574 et
901 2536 963 2572 vix
983 2532 1205 2584 paucissimi
1221 2530 1387 2569 cristiani
1408 2529 1660 2566 remanebunt
1681 2527 1720 2564 in

388 2612 549 2650 ecclesia
565 2611 634 2647 sub
651 2609 789 2647 Cristo.
821 2607 940 2644 Cuius
957 2617 1072 2643 causa
1087 2610 1144 2640 est
1161 2602 1249 2652 quia
1263 2599 1446 2650 episcopi,
1463 2599 1720 2647 relinquentes

387 2682 548 2721 consilia
561 2681 755 2718 seniorum
771 2677 1036 2728 apostolorum
1053 2681 1090 2712 et
1105 2671 1376 2723 prophetarum
1390 2669 1602 2707 secundum
1615 2667 1721 2717 quod

388 2752 574 2791 consiliati
607 2757 695 2788 sunt
727 2750 933 2799 episcopos
964 2744 1182 2784 conversari
1214 2743 1353 2780 debere
1383 2747 1420 2778 et
1454 2741 1720 2789 episcopatum

389 2836 502 2862 suurn
533 2828 703 2867 tractare,
729 2826 912 2857 secuntur
942 2815 1101 2855 consilia
1133 2820 1404 2852 coetaneorum
1437 2821 1595 2848 suorum
1616 2807 1650 2855 *‚
1680 2807 1936 2855 idF01.176*a.

498 2902 505 2918 ¹
532 2899 646 2931 amicis
656 2903 719 2940 pro
736 2897 872 2934 animam,
894 2904 926 2927 Α.
1189 2890 1201 2908 ²
1224 2895 1332 2921 tamen
1347 2894 1405 2931 pro
1422 2892 1560 2923 tantum,
1580 2895 1611 2917 Α.
