2018 3401
682 264 748 296 DE
780 263 975 297 orrrcro
1008 265 1162 298 REors.
1815 260 1868 314 87

47 381 92 412 v.
264 366 482 407 horrendus
520 367 710 407 hereticus
748 369 1044 410 comburendus.
1103 369 1208 408 Volo
1245 370 1358 421 igitur
1395 384 1466 421 pro
1501 372 1593 422 ipsis

264 451 469 489 procurare
499 439 707 477 saluberius
737 439 901 478 dicendo
931 440 1037 490 quod
1065 448 1226 491 possunt
1246 442 1363 479 iuvari
1384 455 1452 492 per
1471 455 1593 481 exon-

264 508 510 548 eracionem¹
543 522 565 547 a
596 509 747 548 sarcina
779 511 1049 560 temporalium
1087 511 1336 561 deprimente,
1366 513 1455 563 quia
1486 513 1594 551 aliter

263 579 390 618 forent
412 581 452 618 in
477 593 570 619 casu
595 580 695 618 illius
726 582 878 619 abbatie
905 594 979 631 que
1009 595 1089 621 non
1120 589 1245 632 potest
1271 584 1399 622 iuvare
1432 584 1592 622 militem

48 655 250 687 F01.128b.
263 652 495 701 captivatum
533 652 607 689 nisi
647 652 828 690 venderet
865 651 883 672 *
923 653 994 690 sibi
1032 666 1104 703 pro
1143 666 1213 692 suo
1252 661 1439 704 perpetuo
1478 667 1592 693 suum

263 721 451 760 iuvamen.
507 722 557 759 Et
576 728 680 772 patet
701 722 807 772 quod
835 722 889 760 illi
916 724 981 773 qui
1007 725 1254 771 auctorisant‚
1275 726 1334 763 vel
1359 725 1590 775 speculative
1603 729 1698 756 Those
1711 728 1850 755 therefore

1604 764 1667 790 who
1681 763 1789 789 declare
1803 762 1866 788 that

263 799 306 830 ut
331 799 417 830 sunt
441 793 643 840 scolastici,
670 793 729 831 vel
755 794 920 843 practice
947 802 989 833 ut
1019 802 1107 833 sunt
1129 795 1378 834 defendentes
1399 797 1591 834 intrinseci
1605 798 1652 823 the
1667 797 1803 829 temporal

1604 831 1679 857 lords
1692 835 1793 856 cannot
1806 838 1838 854 so

263 863 322 902 vel
359 864 573 911 extrinseci,
620 864 725 914 quod
757 865 905 902 domini
947 867 1179 916 temporales
1217 880 1299 905 non
1336 875 1499 917 possunt
1537 868 1590 905 sic
1603 863 1843 930 ξζξὲῐρῖξξὲξθηε·

1604 931 1717 958 commit
1728 932 1774 957 the
1789 930 1830 956 sin
1844 929 1877 956 os

1604 971 1718 992 consent
1732 966 1764 991 of
1774 964 1823 990 the

1605 999 1665 1026 first
1678 999 1757 1027 kind.

261 934 389 973 iuvare
405 935 714 985 possessionatos
734 936 793 973 vel
814 937 1022 975 rectificare
1037 950 1201 987 regnum
1221 945 1398 977 nostrum
1420 939 1591 977 tollendo

210 1020 250 1042 10
263 1012 341 1044 tam
363 1006 581 1055 generalem
611 1007 799 1052 iniuriam,
820 1014 984 1056 peccant
1004 1009 1157 1058 gravius
1181 1011 1308 1059 primo
1328 1023 1471 1060 genere
1498 1023 1591 1049 con-

263 1089 398 1115 sensus
418 1077 523 1127 quod
544 1083 600 1114 est
619 1084 820 1127 peccatum
840 1079 1117 1127 gravissimum.
1177 1080 1216 1118 Si
1236 1081 1348 1130 igitur
1378 1082 1594 1120 secundum

261 1147 487 1197 religionem
509 1147 622 1185 Cristi
656 1148 848 1186 subiectus
881 1149 995 1188 debet
1028 1151 1185 1189 obedire
1212 1152 1366 1190 discolis
1396 1153 1517 1190 eciam
1553 1153 1594 1189 in

261 1219 397 1268 rapina
430 1219 625 1256 bonorum
659 1231 829 1266 suorum,
866 1221 988 1258 multo
1022 1222 1146 1271 magis
1180 1222 1302 1272 legius
1332 1224 1458 1261 clerus
1493 1223 1593 1273 regis

262 1289 375 1327 debet
405 1289 562 1326 obedire
589 1289 660 1327 sibi
688 1290 727 1327 in
754 1290 851 1328 iusta
869 1298 906 1329 et
927 1292 1067 1330 salubri
1094 1294 1375 1332 exoneracione
1401 1301 1594 1344 tempora-

210 1359 366 1406 15lium,
400 1372 468 1409 per
498 1372 616 1410 quam
643 1361 748 1398 fieret
777 1362 868 1411 regi,
891 1362 983 1412 ipsis
1012 1363 1192 1402 fraudatis
1213 1364 1284 1402 hiis
1305 1365 1590 1414 temporalibus,

261 1438 298 1468 et
317 1431 386 1468 toti
405 1443 526 1480 regno
546 1431 690 1469 iusticie
712 1433 1053 1482 complementum.
1094 1434 1144 1472 Et
1164 1436 1277 1473 istam
1295 1436 1439 1474 scolam
1459 1435 1592 1474 obedi-

261 1501 370 1540 encie
390 1514 456 1539 rex
484 1508 633 1539 tenetur
660 1502 802 1541 docere
832 1516 922 1542 suos
948 1504 1081 1554 legios,
1104 1506 1193 1556 quia
1221 1506 1327 1544 aliter
1347 1507 1589 1545 consentiret.

45 1565 73 1597 P
75 1577 99 1598 s.
115 1566 180 1599 xix.
198 1573 248 1608 14·
261 1572 378 1610 Unde
400 1573 633 1622 pertinenter
658 1580 784 1623 potest
812 1574 936 1613 dicere
962 1576 1053 1613 illud
1073 1576 1135 1615 Ps.
1164 1578 1264 1616 xviii.
1288 1577 1340 1616 Sz'
1368 1579 1440 1615 mci
1464 1577 1592 1615 clerici

96 1629 99 1631 ’
262 1656 334 1680 non
364 1644 522 1694 fuerint
557 1645 739 1681 dominati
770 1650 857 1682 lunc
895 1647 1144 1685 inmaculatus
1177 1661 1236 1686 ero
1273 1652 1307 1685 el
1339 1649 1560 1685 emundabor
1578 1645 1592 1668 ²

209 1726 287 1752 zoa
308 1715 432 1751 delz'clo
469 1716 648 1753 maximo.
707 1715 931 1754 Secundum
959 1730 1081 1767 genus
1112 1705 1276 1768 sequens
1310 1718 1360 1756 ad
1387 1719 1865 1788 auetorisa·{2¹31ssssssssde

262 1785 415 1822 cionem
452 1792 511 1823 est
543 1786 777 1833 consiliacio‚
814 1800 889 1838 que
927 1788 1026 1826 facta
1060 1789 1098 1826 in
1132 1790 1277 1826 malum
1312 1790 1474 1828 scienter
1507 1790 1592 1839 plus
1605 1798 1668 1821 way
1680 1789 1845 1818 0f00¹¹¹¹⁵0¹·

262 1855 382 1893 inficit
414 1857 671 1894 consiliarium
700 1870 817 1907 quarn
847 1858 1042 1906 factorem,
1078 1866 1120 1898 ut
1152 1860 1370 1898 sacerdotes
1398 1861 1593 1899 occisores

264 1925 378 1964 Cristi
406 1927 566 1966 consilio
598 1934 635 1965 et
666 1929 806 1967 affectu
837 1930 987 1978 gravius
1017 1938 1273 1979 peccaverunt
1301 1943 1419 1981 quarn
1452 1931 1592 1969 milites

47 2008 93 2040 St.
111 2008 240 2049 Augus-
264 1997 331 2047 qui
367 1997 438 2036 hec
477 1999 728 2048 corporaliter
768 2000 1030 2049 impleverunt,
1069 2008 1110 2038 ut
1148 2001 1236 2039 dicit
1272 2002 1436 2051 August.
1478 2014 1593 2051 super

46 2056 114 2126 {¹115
125 2053 201 2135 ¹1¹2?
204 2063 228 2083 ⁵·

47 2138 86 2170 C·
103 2139 193 2170 xxiii.
211 2138 251 2179 Q·
266 2139 472 2176 sentencia.
529 2138 648 2177 Tales
671 2140 784 2189 igitur
812 2141 1017 2178 consiliarii
1045 2149 1133 2178 sunt
1161 2143 1377 2180 comuniter
1395 2142 1480 2192 plus
1501 2143 1590 2180 sub·
1604 2141 1870 2202 ilfflgftii'ffiisslfl

44 2192 74 2212 v.
91 2192 118 2213 c.
139 2190 189 2223 19.
1663 2197 1667 2200 ’
1739 2193 1747 2201 ‘

46 2227 89 2257 19
109 2227 144 2256 d.
266 2209 392 2256 doli³,·
415 2208 433 2228 *
455 2209 540 2258 plus
561 2210 795 2259 originaliter
826 2211 1024 2257 maliciosi‚
1047 2218 1085 2249 et
1116 2212 1204 2261 plus
1237 2213 1436 2250 causaliter
1470 2208 1789 2250 incre-0si¹¹·2³0110¹¹·

263 2067 470 2116 Psalmum,
493 2075 529 2106 et
549 2069 587 2107 in
608 2069 768 2107 decretis
789 2071 892 2108 xxiii.
914 2084 951 2121 q.
972 2083 1006 2117 v,
1024 2074 1032 2090 ‘
1048 2071 1149 2109 Cum
1169 2071 1312 2118 homo,'
1332 2079 1435 2121 patet
1455 2072 1591 2109 eadem

264 2279 394 2329 pandi,
416 2291 533 2329 quam
552 2279 604 2317 illi
624 2280 689 2330 qui
710 2292 827 2330 opera
847 2287 1105 2330 persecuntur.
1153 2281 1203 2320 Et
1222 2283 1334 2320 istam
1354 2284 1591 2321 sentenciam

263 2349 504 2388 attenderent
523 2350 768 2388 consulentes
789 2351 838 2389 ad
853 2351 962 2397 bella,
978 2352 1026 2389 ad
1040 2352 1300 2391 subiectorum
1316 2354 1454 2392 iniusta
1467 2354 1591 2404 spolia

210 2434 252 2466 30
263 2426 299 2458 et
319 2420 367 2458 ad
387 2420 489 2459 clero
523 2421 682 2460 ecclesie
715 2421 908 2471 privilegie
942 2423 1195 2472 procuranda.
1250 2424 1435 2462 Tercium
1466 2437 1589 2474 genus
1601 2434 1689 2461 Third
1702 2434 1770 2473 kind
1784 2435 1817 2461 of

48 2480 96 2511 X·
264 2502 478 2529 consensus
501 2492 628 2542 magis
657 2492 928 2530 absconditum
949 2498 1018 2539 est,
1045 2493 1229 2540 defensio,
1250 2508 1325 2544 que
1342 2496 1382 2532 fit
1409 2468 1826 2545 multip1i,g?¹¹ss{¹}gg{gh³‘

264 2561 368 2608 citer,
388 2562 480 2612 quia
503 2563 859 2613 quomodocunque
873 2563 886 2583 4
915 2576 1030 2601 causa
1051 2565 1097 2602 sit
1118 2564 1256 2603 forcior
1275 2572 1364 2602 actu
1385 2566 1588 2605 intrinseco

264 2632 343 2670 sive
381 2633 608 2682 extrinseco,
648 2640 689 2673 ut
720 2640 813 2685 puta
849 2635 1136 2684 pmcumeione,
1175 2636 1512 2685 congratulacione
1550 2643 1588 2675 et

307 2813 318 2832 ¹
337 2814 599 2853 exonerandam,
617 2822 649 2848 B.
760 2814 772 2832 ²
793 2815 1006 2856 cmendabor,
1024 2824 1056 2851 Β.
1160 2816 1171 2835 ⁸
1197 2817 1270 2859 plus
1287 2817 1417 2850 subdoli
1434 2819 1478 2850 al.
1495 2829 1586 2851 man.

265 2865 368 2897 addit.
389 2873 420 2898 Β.
508 2865 519 2884 ¹
543 2877 736 2909 quocunque
749 2867 863 2907 modo,
881 2875 912 2901 Β.
