2018 3401
119 319 174 362 90
819 314 884 346 DE
916 312 1112 347 OFFICIO
1145 313 1304 346 REGIS.

397 419 600 470 Neglz'gere
627 419 758 469 quzjhpe
781 432 863 457 cum
877 424 1002 469 posset
1019 419 1243 469 perturbare
1260 425 1456 468 perversos
1484 417 1604 456 nichil
1624 417 1735 455 aliud

397 497 450 530 esl
474 504 584 541 quam
607 492 752 542 fovere.
808 489 890 528 Nec
927 495 1030 528 carel
1063 491 1236 539 scrupulo
1273 490 1454 527 societatis
1491 490 1632 534 occulte,
1667 489 1736 538 qui

398 564 591 614 mamseslo
595 563 779 612 facinori
794 562 928 599 desinit
945 562 1103 599 obviare.
1150 561 1202 598 Et
1223 561 1325 598 aliud
1346 572 1513 610 sequens
1535 560 1733 597 decretum

399 634 590 683 Gregorii,
614 633 827 672 Consentire
845 633 991 670 vz'delur
1013 631 1030 651 *
1053 633 1211 678 erranti,
1233 633 1302 681 qui
1316 633 1370 668 ad
1394 631 1647 681 reclzficanda,
1667 643 1734 679 que
1746 643 1794 673 20
1810 642 1848 672 b,

399 705 522 742 debent
566 705 720 753 corrzssgn’,
760 716 832 741 non
879 705 1051 741 occurrit.
1108 702 1237 754 (Sicut
1274 707 1390 740 aulem
1431 703 1592 739 aliorum
1633 702 1732 739 vicia
1746 709 1765 742 5

388 778 551 826 palpare
570 788 640 813 non
662 775 765 822 debet,
786 776 839 812 ila
863 788 925 811 nec
949 776 1130 811 malorum
1156 774 1328 811 laudibus
1352 772 1550 825 delectari.)
1605 773 1657 811 Et
1682 774 1732 810 86
1747 788 1790 819 D,
1808 785 1930 818 boavi,

399 847 449 886 di.
489 847 635 893 dicitur,
674 846 867 883 Facz'enlis
895 846 1035 895 procul
1068 845 1176 883 dubio
1214 846 1359 895 culpam
1396 845 1504 883 habet
1544 845 1614 893 qui
1642 844 1739 893 quod
1747 842 1774 864 ⁰·
1791 831 1839 864 iii·

121 926 213 953 These
226 924 324 951 sinsof
389 923 510 968 polest
526 919 713 967 corrzgrere
732 918 891 966 neglzgrz‘l
906 917 1104 954 emendare.
1160 915 1210 953 Et
1230 916 1349 954 multa
1370 923 1457 953 sunt
1477 916 1578 953 dicta
1598 915 1736 953 similia

120 960 386 1031 ssffissssffiassssince,
400 995 441 1026 ut
474 1001 564 1038 sepe
596 989 741 1038 repetii.
798 987 915 1025 Unde
940 987 1114 1037 quamvis
1149 987 1208 1025 isti
1242 999 1457 1025 consensus
1491 987 1565 1024 sint
1597 986 1733 1035 damp-

120 1035 341 1096 gzieemrsema
400 1060 547 1098 nabiles
577 1060 617 1097 in
649 1059 822 1109 principe
857 1058 1030 1104 seculari,
1051 1065 1182 1096 tamen
1215 1070 1430 1096 consensus
1462 1064 1498 1096 et
1533 1057 1734 1095 ommissio
1749 1067 1790 1090 10

399 1130 609 1169 sacerdotis
643 1136 701 1168 est
739 1130 853 1179 culpa
892 1130 1053 1180 gravior,
1085 1129 1210 1178 magis
1247 1130 1478 1179 perturbans
1517 1128 1734 1167 ecclesiam.

398 1202 515 1240 Unde
547 1201 664 1238 xxiiii.
691 1213 728 1251 q.
755 1201 805 1248 iii,
831 1201 1089 1251 Trany‘erunt
1114 1201 1186 1238 sub
1212 1200 1439 1237 auctoritate
1468 1199 1654 1237 leronimi
1681 1199 1734 1236 sic
1749 1201 1787 1233 C.
1804 1199 1890 1232 xxiv.
1911 1199 1953 1241 Q.

399 1272 563 1310 habetur
605 1275 614 1292 ‘
636 1272 773 1310 Veteres
818 1276 994 1309 scrutans
1040 1272 1228 1321 hystorias
1267 1272 1434 1308 invenire
1471 1283 1544 1308 non
1581 1277 1734 1320 possum
1749 1254 1795 1278 ω’
1812 1255 1840 1278 c‘
1859 1252 1912 1284 ὅδ’

398 1344 550 1382 scidisse
576 1344 759 1380 ecclesiam
779 1348 813 1381 el
838 1344 879 1380 de
908 1344 1010 1380 domo
1038 1342 1201 1380 Domini
1215 1343 1370 1392 populos
1397 1342 1589 1380 seduxisse
1607 1345 1737 1391 preter

399 1428 455 1453 eos
474 1415 544 1464 qm·
558 1416 758 1452 sacerdotes
777 1427 800 1451 a
820 1413 899 1451 Deo
909 1415 1031 1464 posili
1037 1415 1208 1464 fuerant
1225 1418 1258 1451 et
1275 1414 1461 1463 prophete,
1483 1414 1507 1450 ί.
1524 1426 1550 1450 e.
1571 1414 1735 1462 specula-
1751 1429 1790 1463 15

400 1491 504 1525 tores.
572 1485 652 1522 Islz'
674 1487 796 1535 zgz’lur
823 1490 982 1522 aluntur
1015 1486 1054 1522 in
1083 1486 1251 1534 laqueum
1278 1489 1480 1522 tortuosum
1507 1485 1546 1521 in
1569 1484 1736 1522 omnibus

400 1559 490 1596 locis
513 1562 686 1607 ponentes
716 1556 958 1594 scandalum?
1016 1556 1121 1594 Sicut
1153 1556 1267 1605 igitur
1300 1555 1401 1593 istud
1435 1556 1579 1593 dictum
1613 1555 1737 1593 sancti

400 1628 601 1679 presbiteri
627 1628 782 1678 ponitur
812 1627 1021 1677 legendum
1047 1628 1087 1665 in
1113 1627 1269 1678 publico
1285 1625 1310 1674 ¹,
1338 1628 1388 1665 ita
1411 1633 1499 1677 post
1525 1627 1606 1665 eius
1635 1627 1736 1676 peri-

401 1700 532 1738 culum
551 1706 608 1737 est
628 1699 780 1749 publice
799 1698 1077 1749 predicandum
1098 1705 1138 1736 ut
1159 1699 1319 1736 ecclesia
1346 1698 1518 1736 attendat
1538 1698 1693 1736 caucius
1714 1710 1737 1736 a

400 1771 580 1821 luporum
600 1770 790 1820 periculis.
848 1769 931 1808 Nec
953 1769 1182 1808 desistemus
1196 1770 1281 1808 licet
1293 1769 1476 1807 fuerimus
1496 1776 1733 1819 peccatores,
1750 1793 1792 1817 20

402 1842 495 1892 quia
514 1849 607 1880 tunc
642 1841 769 1878 nullus
792 1841 884 1879 citra
905 1841 1075 1879 Cristum
1105 1841 1313 1891 corriperet
1343 1853 1414 1879 nec
1441 1840 1529 1890 plus
1558 1840 1737 1878 sollicita-

403 1913 534 1950 bimur
572 1912 799 1962 generaliter
836 1912 930 1950 citra
976 1912 1144 1961 privatas
1183 1911 1362 1958 oviculas,
1397 1912 1487 1961 quia
1524 1912 1611 1961 plus
1649 1923 1738 1961 pro-

405 1984 579 2022 ficiemus
612 1983 651 2020 in
698 1995 802 2028 casu,
845 1989 925 2020 tam
959 1983 1051 2032 ipsis
1087 1995 1206 2033 quam
1239 1983 1363 2031 nobis,
1398 1982 1631 2032 exponendo
1666 1994 1739 2020 nos

404 2054 567 2093 discrete
595 2054 660 2091 ubi
688 2060 745 2091 est
771 2053 982 2103 periculum
1005 2054 1142 2092 veneni
1167 2053 1381 2091 fervencius
1406 2059 1443 2091 et
1468 2053 1593 2102 magis
1620 2053 1738 2102 glori-

405 2137 497 2163 osus
527 2124 761 2174 triumphus.
818 2125 914 2163 Ideo
940 2131 997 2163 est
1017 2137 1039 2163 a
1059 2124 1211 2162 defectu
1230 2125 1400 2175 capitum
1419 2124 1660 2171 ordiendum,
1682 2124 1736 2163 sic
1751 2132 1791 2165 25

404 2196 508 2235 enim
529 2196 699 2235 fecerunt
719 2195 870 2234 Cristus
890 2202 927 2234 et
947 2196 1067 2234 sancti
1087 2196 1273 2234 martires.

853 2481 1182 2521 CAPITULUM
1220 2482 1302 2521 Vm.

129 2606 174 2632 An
187 2604 324 2632 attackin
465 2592 484 2613 '¹‘
507 2593 673 2633 CONTRA
708 2593 850 2632 dictam
880 2594 1118 2633 sentenciam
1144 2595 1191 2633 de
1220 2607 1309 2645 rege
1342 2594 1503 2633 instatur
1531 2594 1740 2633 scolastice.
1754 2598 1956 2633 F0L129b.

129 2640 279 2678 scholaetic
292 2640 363 2665 form

127 2674 362 2738 ὲὶἒῗξεοῗῗὴέυτ
413 2664 575 2704 Videtur
605 2666 710 2704 enim
740 2665 865 2715 primo
895 2666 1000 2715 quod
1029 2678 1096 2704 rex
1127 2665 1216 2704 facit
1247 2665 1434 2716 quidquid
1461 2666 1590 2704 fecerit
1620 2666 1742 2716 legius

129 2739 395 2804 {iffiffiofflfvhat-
412 2736 532 2775 homo
556 2748 658 2782 suus,
681 2749 729 2773 ex
751 2748 830 2785 quo
851 2736 1022 2786 sequitur
1034 2737 1140 2786 quod
1161 2749 1225 2780 rex
1247 2737 1294 2774 sit
1313 2736 1444 2774 artifex
1465 2737 1741 2785 cuiuscumque
1756 2753 1797 2785 30

128 2807 395 2874 {effZ‘ffin‘igo’Eess}e-
410 2819 549 2857 genus,
574 2807 715 2845 mimus
729 2807 873 2846 nebulo
886 2813 1000 2857 atque
1015 2807 1223 2857 prolificus,
1245 2819 1333 2846 cum
1345 2808 1530 2859 quotlibet
1549 2807 1735 2845 similibus

936 2914 949 2934 ¹
972 2915 1154 2957 publicum,
1171 2923 1201 2947 Β.
