2018 3401
155 344 212 388 94

154 453 219 481 civil
233 452 389 484 dominion,

152 488 182 514 in
196 488 287 514 which
301 496 381 513 sense

153 522 202 548 the
218 521 295 554 King
307 521 330 547 is
344 521 393 547 the

153 555 232 582 chief
241 555 362 581 founder

152 590 187 616 of
194 589 238 615 his
250 598 313 615 own
327 589 390 615 law.

152 639 256 672 Again,
271 647 313 664 we
326 646 392 671 may

152 679 218 699 note
232 672 292 698 that
305 672 369 698 sub-

148 706 256 739 jection
271 712 300 732 to
313 715 330 731 a
343 706 396 731 law

152 749 219 772 may
232 740 266 765 be
279 739 369 765 either

153 774 210 800 due
224 773 251 799 in
266 772 357 799 virtue

152 808 211 834 osa
225 807 326 839 higher
339 807 392 832 law

151 850 184 867 or
195 841 228 867 os
238 841 299 866 that
311 841 364 866 law

152 874 237 901 itsels.

151 924 232 950 Thus
245 933 262 950 a
277 922 355 956 King
367 923 391 950 is

150 958 261 990 subject
274 963 303 984 to
316 957 360 983 his

151 1000 214 1018 own
228 992 280 1017 law
299 991 327 1016 in

150 1025 242 1051 virtue
255 1025 287 1051 of
302 1025 350 1050 the

151 1059 317 1084 commands
329 1059 363 1085 of

813 340 878 371 DE
911 340 1104 373 OFFICIO
1133 339 1292 373 REGIS.

433 442 724 482 ordinacionem
745 450 781 482 et
802 445 1161 495 promulgacionem
1191 444 1403 482 humanam
1432 443 1482 482 ad
1506 444 1615 483 civile
1635 443 1761 483 domi-

430 515 539 552 nium
567 515 836 564 regulandum,
866 522 904 553 et
933 516 986 554 sic
1021 523 1079 554 est
1112 529 1180 553 rex
1210 516 1431 566 principalis
1462 516 1638 554 conditor
1666 516 1762 565 legis

432 599 512 624 sue.
570 587 732 636 Oportet
772 587 946 625 secundo
985 594 1119 625 notare
1157 588 1358 637 quomodo
1398 587 1598 638 dupliciter
1635 593 1763 637 potest

432 658 591 707 intelligi
631 658 706 707 legi
745 658 952 705 subieccio,
993 659 1137 696 scilicet
1175 659 1304 696 debita
1342 671 1390 696 ex
1437 671 1532 708 pura
1572 657 1761 708 ligacione

431 729 605 767 eiusdem
642 729 748 779 legis,
787 729 845 767 vel
884 729 1012 767 debita
1050 742 1098 767 ex
1132 730 1378 780 obligacione
1412 730 1507 779 legis
1542 729 1793 779 superioris.5

431 800 560 838 Prima
608 800 802 838 subieccio
852 801 988 839 dicitur
1035 808 1183 848 coacta,
1229 807 1265 838 et
1317 801 1487 839 secunda
1534 801 1760 839 voluntaria.

432 871 563 910 Primo
606 872 726 910 modo
774 872 901 910 omnis
950 872 1165 910 Cristianus
1215 872 1397 910 subicitur
1444 872 1519 921 legi
1558 871 1684 918 Cristi‚
1724 877 1818 909 etD.

430 943 604 981 secundo
643 943 763 981 modo
801 943 883 993 ipse
919 943 1068 981 Cristus
1101 943 1321 981 humanitus
1356 944 1538 982 subicitur
1573 955 1640 980 sue
1674 943 1760 993 legi.

430 1013 490 1051 Ex
512 1015 590 1052 istis
611 1021 714 1064 patet
735 1015 853 1052 tercio
875 1015 980 1064 quod
1004 1027 1070 1052 rex
1101 1015 1283 1052 subicitur
1312 1015 1385 1064 legi
1415 1015 1568 1065 proprie
1600 1015 1760 1064 imperio

150 1086 526 1135 1awdivine‚not0flegis
557 1086 694 1131 divine,
717 1085 786 1123 sed
817 1098 897 1123 non
928 1086 1090 1135 imperio
1120 1085 1215 1135 legis
1244 1085 1408 1135 proprie.
1465 1085 1569 1122 Nam
1599 1098 1647 1123 ex
1676 1086 1760 1135 lege
1777 1098 1816 1122 10

150 1126 195 1153 his
208 1135 271 1153 own
285 1126 349 1154 law.

148 1653 230 1680 Thus
245 1653 292 1679 the
307 1653 387 1686 King

149 1688 251 1714 should
264 1688 362 1713 volun-

149 1721 234 1754 tarily
246 1730 325 1747 serve
339 1720 382 1746 his

149 1764 212 1782 own
226 1755 279 1781 law
292 1755 335 1781 for
348 1755 396 1780 the

149 1789 217 1815 sake
230 1789 262 1815 os
271 1789 318 1814 the

149 1822 250 1855 higher
264 1823 317 1848 law
330 1829 337 1854 ;
356 1822 407 1848 but

149 1856 193 1882 his
206 1856 353 1894 liegemen,

149 1899 220 1916 even
237 1895 347 1922 priests,

149 1933 216 1956 may
235 1924 269 1949 be
282 1922 399 1950 coerced

150 1957 179 1984 in
193 1957 284 1983 virtue
297 1956 330 1982 of

149 1991 198 2018 the
215 1991 315 2024 King’s
333 1990 388 2016 law

151 2025 235 2052 itself.

149 2075 212 2101 The
226 2074 369 2101 condition

149 2109 206 2135 osa
226 2109 304 2141 King
317 2109 384 2134 then

149 2142 174 2169 is
186 2152 222 2169 on
236 2152 288 2169 one
301 2142 372 2168 view

149 2185 226 2203 more
240 2182 298 2209 apt,
313 2176 369 2202 and

150 2219 186 2236 on
200 2210 319 2236 another
332 2210 395 2240 less,

148 2244 191 2270 sor
205 2244 252 2269 the
265 2243 382 2276 earning

148 2278 180 2304 of
192 2277 281 2308 merit,
291 2277 350 2309 just

149 2320 180 2337 as
200 2310 360 2343 Augustine

150 2353 295 2376 compares
309 2345 356 2369 the

150 2378 311 2404 conditions
324 2378 357 2403 of

150 2412 209 2437 rich
223 2412 278 2437 and
289 2421 357 2443 poor

430 1164 576 1202 nature,
612 1164 649 1195 et
687 1169 757 1206 per
790 1168 1036 1206 consequens
1070 1169 1117 1194 ex
1152 1157 1235 1207 lege
1270 1157 1409 1203 divina,
1444 1163 1595 1206 oportet
1628 1169 1761 1205 regem

429 1228 635 1266 defendere
656 1228 782 1277 legem
811 1228 1019 1277 propriam,
1043 1234 1081 1266 et
1100 1228 1320 1266 obediendo
1340 1241 1385 1266 ac
1406 1228 1606 1277 implendo
1636 1228 1761 1277 ipsam

428 1299 650 1349 exemplare
672 1299 755 1337 aliis
776 1299 978 1349 quomodo
1009 1300 1199 1349 parebunt
1227 1299 1366 1338 eidem.
1423 1299 1507 1337 Nec
1532 1306 1587 1337 est
1608 1299 1682 1337 hoc
1713 1299 1763 1336 ad

427 1371 527 1420 regis
566 1370 747 1414 dedecus,
789 1382 879 1407 cum
918 1370 979 1408 lex
1019 1383 1088 1407 sua
1126 1371 1385 1408 essencialiter
1426 1370 1676 1419 intelligendo
1715 1371 1762 1409 sit

427 1442 565 1480 veritas
586 1442 764 1488 increata,
789 1441 857 1479 sed
877 1441 1087 1479 formaliter
1107 1448 1144 1479 et
1164 1442 1349 1491 equivoce
1370 1442 1561 1480 intellecta
1580 1449 1636 1480 est
1655 1442 1716 1480 lex
1737 1454 1760 1480 a
1775 1450 1813 1483 Ι5

428 1520 600 1551 creatura
632 1512 800 1551 condita.
859 1512 953 1551 Ideo
985 1519 1136 1562 oportet
1169 1513 1403 1562 distinguere
1437 1514 1759 1563 equivocaciones

429 1584 526 1633 legis
550 1591 586 1621 et
607 1584 803 1622 racionem
823 1584 1081 1621 subieccionis
1101 1596 1144 1621 ac
1164 1584 1387 1622 obediencie
1408 1584 1446 1621 in
1468 1584 1733 1622 declaracione
1748 1584 1759 1605 ¹

428 1654 540 1692 huius
574 1655 743 1692 materie.
801 1654 886 1692 Rex
921 1667 1024 1703 ergo,
1060 1655 1099 1691 in
1133 1661 1323 1704 quantum
1354 1661 1470 1704 caput
1498 1655 1618 1704 regni,
1647 1655 1760 1693 debet

429 1726 644 1764 ministrare
664 1726 739 1775 legi
759 1726 910 1776 proprie
929 1726 1141 1764 voluntarie
1164 1739 1212 1763 ex
1239 1726 1400 1775 imperio
1426 1726 1520 1776 legis
1542 1727 1758 1776 superioris,

430 1803 466 1834 et
493 1797 582 1846 legii
611 1797 723 1845 regis,
749 1797 780 1834 si
810 1796 1012 1842 noluerint,
1039 1797 1180 1834 debent
1209 1797 1299 1847 cogi
1319 1810 1366 1834 ex
1397 1797 1558 1846 imperio
1588 1798 1759 1835 eiusdem
1775 1804 1815 1828 20

429 1868 535 1917 legis,
557 1868 680 1905 eciam
710 1868 940 1913 sacerdotes,
964 1867 1049 1905 licet
1078 1868 1152 1905 sint
1183 1867 1394 1906 secundum
1424 1868 1539 1906 aliam
1562 1868 1759 1906 racionem

428 1937 539 1988 lege²
579 1938 805 1987 superiores.
862 1938 914 1976 Et
960 1944 1065 1988 patet
1112 1938 1219 1988 quod
1258 1945 1378 1977 status
1417 1939 1529 1987 regis,
1570 1939 1666 1976 sicut
1703 1945 1760 1977 est

429 2009 643 2048 secundum
682 2010 878 2047 racionem
917 2021 1037 2047 unam
1074 2009 1124 2047 ad
1161 2010 1388 2047 merendum
1424 2010 1579 2056 tardior,
1616 2010 1670 2048 sic
1704 2017 1761 2048 est

427 2080 640 2118 secundum
680 2080 795 2118 aliam
832 2081 1029 2119 racionem
1067 2080 1116 2118 ad
1153 2080 1381 2118 merendum
1420 2082 1602 2130 superior,
1635 2088 1677 2119 ut
1719 2081 1759 2118 in

427 2152 585 2190 assimili
610 2152 792 2201 explanat
812 2151 1053 2201 Augustinus
1073 2152 1112 2188 in
1132 2152 1174 2188 de
1192 2152 1434 2200 questionibus
1463 2153 1592 2189 veleris
1611 2156 1645 2189 el
1669 2165 1758 2189 nove
1771 2153 1858 2195 Aug.

429 2224 519 2272 legis
548 2223 715 2272 capitulo
745 2223 895 2261 cxxiiii0
914 2223 1093 2272 octuplici
1123 2223 1290 2261 racione.
1348 2222 1478 2261 Primo
1511 2223 1632 2261 modo
1661 2236 1757 2273 quo·
1770 2197 1978 2272 giffgtgyvet.

429 2294 549 2332 modo
569 2306 669 2344 opus
689 2294 948 2332 misericordie
961 2293 974 2314 ⁸
994 2294 1109 2331 habet
1129 2294 1316 2332 maiorem
1340 2294 1539 2331 racionem
1569 2294 1692 2332 meriti
1718 2296 1758 2332 in
1771 2285 1860 2315 Test.
1875 2284 1980 2316 cxxiv.

428 2378 598 2415 paupere
637 2377 757 2415 quam
791 2365 916 2411 divite,
949 2365 1040 2415 quia
1070 2364 1346 2402 fervenciorem
1377 2364 1493 2402 fidem
1527 2365 1684 2411 indicat,
1717 2373 1759 2404 ut
1772 2328 1978 2370 (abrrdged).

152 2445 179 2471 in
194 2445 272 2477 eight
286 2445 415 2472 different
429 2436 689 2486 exemplificat
721 2436 768 2473 de
798 2437 1036 2485 paupercula
1068 2449 1143 2485 que
1175 2436 1223 2474 de
1253 2436 1413 2485 penuria
1443 2448 1510 2473 sua
1531 2436 1657 2486 largiri
1677 2449 1757 2475 non

151 2478 247 2512 lights.

429 2508 564 2545 timuit.
625 2506 803 2545 Secundo
824 2507 913 2544 dicit
934 2507 1038 2557 quod
1060 2507 1203 2544 furium
1227 2508 1413 2545 maiorem
1440 2514 1588 2545 reatum
1609 2507 1698 2546 facit
1717 2509 1756 2545 in
1771 2515 1932 2545 F01.130
1943 2515 1977 2544 b.

430 2579 543 2616 divite
575 2590 693 2628 quam
727 2590 908 2627 paupere.
965 2578 1108 2616 Tercio
1141 2590 1230 2615 vero
1262 2577 1350 2615 dicit
1384 2578 1490 2627 quod
1522 2578 1672 2616 iusticia
1702 2586 1759 2617 est

430 2650 554 2699 magis
575 2649 776 2687 laudabilis
797 2649 835 2685 in
856 2661 995 2698 egeno.
1053 2649 1202 2696 Quarto
1236 2649 1326 2686 dicit
1356 2649 1461 2698 quod
1493 2650 1671 2699 superbia
1702 2657 1760 2688 est

429 2721 514 2771 plus
545 2720 796 2770 dampnanda
823 2721 861 2757 in
895 2732 1075 2770 paupere.
1132 2719 1281 2766 Quinto
1314 2720 1403 2757 dicit
1429 2720 1536 2770 quod
1567 2720 1758 2758 humilitas

431 2799 488 2830 est
526 2792 611 2842 plus
649 2791 843 2830 laudanda
881 2792 919 2830 in
969 2791 1090 2829 divite.
1151 2790 1270 2828 Sexto
1308 2791 1398 2829 dicit
1436 2791 1542 2842 quod
1589 2792 1754 2829 studium
1769 2799 1812 2828 21
1828 2798 1863 2830 b.

476 2873 485 2891 ¹
511 2873 782 2913 decimacionem,
800 2881 830 2905 Β.
1007 2872 1019 2891 ²
1043 2883 1118 2913 rege
1139 2876 1203 2913 pro
1219 2872 1302 2914 lege,
1320 2880 1350 2904 Β.
1515 2874 1527 2892 ³
1550 2872 1684 2905 minime
1694 2878 1758 2916 pro

432 2925 661 2962 misericordie,
679 2934 712 2957 Α.
