2018 3401
141 261 196 304 32
846 257 909 287 DE
943 255 1136 288 OFFICIO
1171 255 1325 287 REGIS.

142 372 371 431 ἰρᾶςέἕιιξὲζιὲυὲὶ
426 361 499 400 alia
520 361 629 410 signa
656 361 868 410 corporalia
888 373 968 398 non
989 369 1076 399 sunt
1098 361 1174 398 veri
1201 360 1380 407 honores,
1403 360 1488 398 licet
1511 359 1548 397 in
1569 371 1660 398 casu
1682 359 1755 396 sint

143 440 409 499 ssgssssffissffls‘me
424 432 534 481 signa
565 431 724 469 honoris
758 444 826 480 per
852 432 1042 469 accidens.
1100 431 1221 477 Patet,
1254 431 1371 469 sicut¹
1405 431 1564 468 materia
1596 429 1755 468 honoris

423 510 480 540 est
500 503 538 539 in
562 503 668 540 omni
688 515 853 551 persona
873 515 970 551 eque
991 502 1207 540 honorabili
1228 502 1442 548 uniformis,
1465 502 1531 539 sed
1552 501 1624 539 ista
1643 501 1754 550 signa

423 573 624 619 variantur,
652 574 796 611 nedum
820 574 859 610 in
889 573 1045 610 diversis
1075 573 1293 610 climatibus
1323 573 1391 610 sed
1419 572 1458 609 in
1488 572 1624 609 eadem
1654 577 1754 608 terra

423 656 494 693 pro
516 644 672 682 diversis
697 645 943 693 temporibus,
963 656 1097 693 ymmo
1127 651 1164 682 et
1190 644 1314 681 eidem
1343 656 1506 693 persone
1537 642 1751 682 honorabili
1767 654 1786 686 5

146 716 291 743 Forthese
304 721 364 742 01¹t·
424 714 635 752 secundum
683 715 847 752 eandem
896 716 1093 752 racionem
1142 715 1300 752 honoris
1347 715 1442 752 fiunt
1490 715 1601 752 simul
1643 714 1753 751 valde

144 751 219 776 ward
231 750 322 775 marl-:s
336 750 407 775 have

144 783 378 850 23r1¹grig<1»2¹r¹tifgm
424 785 589 834 disparia
609 797 631 822 a
652 785 819 830 diversis,
841 786 948 835 quod
974 798 1054 823 non
1074 786 1169 823 foret
1196 797 1413 823 consonum
1435 786 1466 823 si
1487 786 1597 834 signa
1623 785 1751 822 huius-

144 851 369 916 }ssflxffinstlfffig
381 859 411 876 ²²⁵
425 854 552 894 modi²
590 857 665 893 sint
703 856 880 894 honores.
950 856 1057 906 Ergo
1096 856 1292 894 conclusio
1330 857 1457 894 minor
1503 856 1649 893 videtur
1686 868 1754 905 per
1767 857 1791 887 8
1807 865 1837 888 ο·

145 927 209 944 man
228 927 259 943 as
273 925 301 944 to
315 918 395 947 G0d;

144 952 236 977 which
251 952 332 978 could
347 957 394 977 not

145 986 180 1011 be
194 985 240 1010 the
253 994 316 1011 case
331 985 398 1010 with
544 1011 549 1015 ,
1138 998 1145 1005 .
1304 998 1310 1005 .
1458 998 1464 1004 .
1666 998 1673 1004 .

145 1024 207 1045 true
220 1019 337 1046 honour.
426 997 665 1035 honorando.
706 998 818 1043 Item,
839 1004 1026 1047 quantum
1047 998 1095 1035 ad
1116 1010 1227 1046 signa
1248 997 1478 1044 hmusmodi,
1499 1004 1578 1034 tam
1599 1010 1698 1035 vane
1718 1004 1755 1034 et
1772 1007 1811 1030 10

425 927 511 974 hoc,
547 927 651 977 quod
685 927 814 964 omnis
853 934 976 964 rectus
1015 927 1139 965 honor
1178 927 1291 965 debet
1328 939 1412 964 esse
1450 927 1755 976 proporcionalis

425 1077 504 1106 tarn
525 1069 684 1118 copiose
713 1075 749 1105 et
780 1069 870 1106 satis
899 1069 1075 1118 religiose
1106 1069 1381 1118 impenduntur
1410 1068 1629 1106 hominibus
1659 1068 1756 1106 sicut

425 1139 511 1185 deo,
536 1139 642 1189 quod
669 1152 749 1177 non
777 1140 874 1178 foret
901 1141 930 1177 si
959 1141 1068 1189 signa
1097 1140 1319 1177 huiusmodi
1346 1139 1420 1177 sint
1442 1139 1632 1177 honores:
1663 1150 1756 1187 ergo

426 1211 636 1248 conclusio.
695 1211 795 1248 Cum
815 1212 918 1249 enim
939 1212 1065 1249 honor
1085 1218 1121 1249 et
1141 1210 1393 1248 honorandus
1423 1210 1588 1247 debeant
1609 1222 1756 1247 corres-

425 1282 596 1331 pondere
627 1289 728 1331 patet
760 1283 865 1331 quod
897 1282 1088 1320 infinitum
1118 1282 1319 1319 excederet
1353 1281 1479 1319 honor
1523 1281 1755 1331 quicumque

428 1353 502 1390 deo
533 1353 680 1391 debitus
711 1353 901 1391 honorem
932 1353 1104 1390 debitum
1134 1360 1316 1399 creature,
1339 1353 1436 1390 sicut
1455 1359 1560 1402 patet
1582 1352 1629 1390 de
1649 1352 1754 1390 latria
1771 1360 1809 1392 15

426 1430 462 1461 et
501 1424 612 1461 dulia.
671 1424 773 1462 Cum
807 1424 944 1473 igitur³
978 1436 1058 1461 non
1097 1436 1304 1473 possumus
1334 1430 1463 1473 aptare
1493 1424 1615 1461 taliter
1645 1424 1755 1473 signa

425 1494 646 1532 huiusmodi
673 1495 819 1532 videtur
843 1495 947 1545 quod
975 1495 1013 1531 in
1040 1502 1176 1532 natura
1205 1495 1278 1532 alia
1301 1494 1426 1532 honor
1452 1494 1755 1544 proporcionalis

145 1574 214 1599 Also
227 1581 257 1598 as
270 1573 379 1599 honour
425 1572 481 1603 est
510 1566 740 1615 querendus.
795 1566 894 1603 Item
929 1578 1018 1603 cum
1053 1566 1179 1604 omnis
1213 1566 1298 1603 talis
1327 1565 1453 1603 honor
1484 1566 1530 1602 sit
1563 1565 1754 1615 premium
1769 1567 1810 1596 L.

147 1607 170 1633 is
183 1608 230 1632 the
244 1607 349 1632 reward
364 1607 396 1632 of

146 1640 412 1706 ἔὲᾞὲῗῂῐίἓὲιζινῗίξξ
425 1637 570 1674 virtutis
594 1637 742 1674 videtur
765 1637 872 1686 quod
901 1636 1015 1674 deus4
1044 1637 1226 1674 ordinans
1254 1637 1360 1674 illum
1390 1637 1429 1673 in
1458 1636 1648 1686 premium
1675 1648 1755 1674 non

146 1707 384 1767 {igeteiiigrgfigrtge'
425 1708 532 1757 90¹¹st
563 1707 753 1745 honorem
788 1708 826 1744 in
865 1708 983 1757 Signis
1015 1707 1246 1745 huiusmodi.
1304 1707 1409 1744 Nam
1447 1707 1638 1756 premium
1677 1713 1755 1744 tam
1773 1710 1813 1731 ²0

147 1775 326 1840 ξξὲῃῑῖοᾷξξςῇ
340 1783 413 1840 Ξξζξ
426 1778 622 1826 magnifici
643 1778 755 1815 debet
775 1790 860 1816 esse
880 1778 1015 1816 melius
1035 1790 1153 1828 quam
1183 1790 1294 1815 suum
1321 1778 1510 1815 meritum.
1570 1777 1644 1815 Sed
1664 1789 1758 1827 que-

148 1842 182 1867 be
197 1842 337 1867 bestowed
352 1842 389 1874 by

147 1876 290 1908 anybody·
428 1861 594 1898 cumque
623 1849 844 1886 huiusmodi
866 1850 976 1898 signa
997 1856 1083 1886 sunt
1110 1849 1302 1886 infinitum
1322 1849 1451 1886 minus
1477 1849 1582 1886 bona
1602 1849 1733 1886 virtute
1750 1860 1760 1895 ;

428 1932 508 1958 non
530 1921 644 1970 igitur
664 1928 753 1958 sunt
774 1921 854 1958 eius
874 1920 1078 1970 premium.
1114 1919 1219 1966 Quid
1239 1932 1335 1969 rogo
1354 1919 1528 1958 meliorat
1549 1919 1760 1957 virtuosum

427 1991 535 2040 quod
556 1992 760 2038 virtuosus,
782 1991 960 2038 viciosus,
984 1991 1105 2029 bestia
1132 1990 1190 2027 vel
1219 2002 1358 2039 corpus
1393 1990 1647 2027 inanimatum
1669 1990 1758 2028 facit

427 2063 498 2099 sibi
519 2062 681 2100 irrisorie
706 2062 764 2100 vel
784 2063 823 2099 in
843 2062 1102 2100 testimonium
1129 2061 1201 2098 tale
1223 2061 1386 2110 signum.
1443 2061 1605 2099 Videtur
1631 2068 1758 2099 autem
1774 2069 1811 2100 25

428 2134 535 2184 quod
558 2134 646 2171 talia
671 2134 782 2184 signa
804 2146 902 2171 vana
930 2133 1005 2171 sint
1030 2133 1320 2170 incitamentum
1347 2132 1470 2169 inanis
1496 2132 1630 2182 glorie,
1662 2133 1760 2170 sicut

427 2206 551 2242 evenit
571 2205 700 2242 Aman
721 2204 863 2242 Hester
891 2204 960 2250 iiio,
981 2203 1039 2241 vel
1066 2203 1173 2241 aliter
1193 2203 1317 2252 magis
1341 2210 1592 2253 procurarent
1618 2203 1759 2240 habere

428 2276 592 2325 amplius
612 2276 771 2314 honoris
800 2275 1020 2313 huiusmodi
1041 2281 1078 2312 et
1097 2281 1179 2312 toto
1199 2273 1300 2312 facto
1319 2274 1473 2311 virtutes
1499 2273 1760 2323 philosophie⁵

428 2346 551 2384 forent
589 2347 858 2384 insufficienter
895 2353 932 2384 et
969 2345 1137 2383 indebite
1175 2345 1370 2394 premiate.
1427 2344 1529 2391 Quia
1564 2356 1691 2382 scurre
1723 2350 1761 2382 et

428 2417 624 2455 inferiores
663 2429 742 2454 non
780 2423 868 2454 sunt
906 2417 985 2465 apti
1023 2415 1073 2453 ad
1115 2415 1385 2465 premiandum
1423 2415 1461 2452 in
1505 2427 1664 2464 corpore
1703 2415 1760 2453 vel
1775 2410 1817 2442 3⁰

429 2489 557 2526 anima
590 2500 680 2526 suos
712 2488 892 2526 dominos
925 2500 993 2536 per
1024 2494 1138 2523 nutus
1168 2486 1263 2523 tales
1295 2497 1513 2535 corpore08‚
1536 2486 1633 2523 sicut
1659 2494 1760 2536 patet

432 2558 686 2597 consideranti
707 2559 832 2607 legem
853 2558 1021 2595 accionis
1042 2568 1240 2607 corporee.
1283 2555 1394 2593 Talia
1415 2556 1526 2604 igitur
1546 2563 1634 2593 sunt
1653 2557 1761 2606 signa

431 2630 589 2667 honoris
610 2629 699 2668 facti
720 2637 799 2667 tarn
819 2629 893 2667 deo
914 2641 1030 2678 quam
1058 2627 1216 2672 homini,
1238 2626 1305 2664 sed
1329 2626 1437 2663 valde
1457 2639 1526 2675 per
1553 2627 1759 2675 accidens;

431 2701 521 2753 quia
542 2701 572 2737 si
594 2713 671 2738 non
703 2701 748 2737 sit
767 2700 893 2737 honor
923 2699 1154 2736 subiectatus
1174 2698 1212 2734 in
1233 2696 1373 2742 anima,
1394 2696 1461 2734 sed
1482 2697 1582 2734 nude
1611 2698 1759 2747 sophis-

474 2796 482 2812 ¹
508 2794 552 2825 sic
570 2799 634 2834 pro
650 2793 742 2829 sicut,
761 2800 789 2822 Β.
878 2792 889 2809 ²
913 2802 936 2822 s.
953 2791 988 2823 h.
1071 2790 1082 2807 ³
1107 2789 1164 2821 illa
1180 2793 1244 2829 pro
1260 2787 1368 2829 igitur,
1388 2797 1421 2819 Α.
1505 2789 1514 2805 ‘¹
1540 2789 1628 2828 deus,
1646 2800 1706 2821 om.
1728 2798 1758 2820 Α.

433 2847 444 2864 ⁵
468 2846 607 2887 plurime
625 2851 689 2886 psa
706 2843 926 2885 pliilOsophie,
945 2851 977 2873 Α.
