2018 3401
703 324 767 356 DE
800 324 995 358 OFFICIO
1029 324 1185 357 REGIS.
1806 327 1886 369 247

281 428 397 466 nichil
420 428 634 478 possidetur
660 428 720 467 hic
748 428 858 467 titulo
886 429 976 467 iuris
1001 429 1159 466 humani
1187 429 1259 467 nisi
1286 429 1509 468 auctoritate
1530 430 1609 467 Im-

280 499 411 548 periali
430 499 488 537 vel
519 500 634 549 regia,
657 506 699 537 ut
726 499 865 549 allegat
894 499 1024 549 glossa
1053 499 1194 538 decreti
1223 499 1430 547 Ambrosii,
1453 507 1489 538 et
1518 513 1610 538 con-

281 569 452 607 firmatur
471 583 519 607 ex
541 571 726 619 scriptura
746 572 985 619 approbante
1007 582 1212 608 romanum
1239 571 1442 620 imperium
1469 571 1508 608 in
1532 583 1610 620 quo

279 647 431 689 oportet
448 640 629 679 Cesarem
643 652 682 678 se
702 640 843 678 habere
864 640 913 678 ad
929 647 1052 678 totum
1066 641 1270 689 imperium
1287 641 1396 678 sicud
1409 641 1587 690 regulum
1601 639 1613 659 ¹

247 709 337 752 svel
371 711 580 748 secularem
609 710 810 748 dominum
840 710 889 748 ad
918 710 1010 748 illud
1041 722 1154 760 super
1187 723 1266 760 quo
1300 711 1416 749 habet
1449 711 1612 761 capitale

61 786 154 819 Luke
170 786 216 819 iii.
236 795 265 820 1.

279 779 505 818 dominium.
562 780 678 818 Unde
702 787 838 819 notant
862 780 968 818 Beda
995 788 1032 818 et
1053 781 1114 818 alii
1139 782 1261 819 sancti
1283 793 1399 831 super
1419 781 1484 819 illo
1505 781 1612 820 Luce

281 857 335 899 30,
375 850 488 888 Anno
530 849 614 888 xv²
645 850 806 900 Imperii
838 851 982 888 Tiberii
1019 850 1184 898 Cesar-is,
1227 851 1427 901 quomodo
1465 851 1612 889 Cristus

279 927 390 959 natus
428 928 485 959 est
515 928 689 971 tempore
722 922 1020 971 eompletissime
1054 922 1289 971 quietissime
1315 930 1352 959 et
1377 923 1613 960 convenien-

279 993 422 1030 tissime
451 993 685 1039 monarchie,
708 999 745 1030 et
775 993 877 1030 illam
907 993 1096 1042 approbat
1126 993 1165 1029 in
1194 992 1365 1030 futurum
1395 1000 1473 1030 tam
1496 994 1612 1031 verbo

226 1080 268 1104 10
280 1075 399 1113 quam
419 1075 546 1113 opere.
606 1062 797 1110 Quattuor
818 1070 947 1101 autem
970 1063 1158 1101 tetrarche
1180 1063 1219 1100 in
1238 1069 1338 1101 terra
1360 1063 1475 1101 Cristi
1496 1064 1612 1113 signi-

62 1242 90 1273 C

279 1134 398 1172 ficant
427 1134 656 1172 divisionem
685 1140 723 1171 et
753 1134 1063 1172 destruccionem
1093 1147 1140 1171 ex
1171 1134 1356 1172 demerito
1385 1135 1509 1183 gentis
1531 1147 1611 1172 sue.

281 1203 465 1241 Tercium
503 1216 592 1242 vero
630 1205 893 1242 testimonium
931 1211 988 1242 est
1027 1205 1171 1242 dictum
1210 1204 1311 1242 beati
1351 1204 1527 1254 Gregorii
1569 1205 1609 1241 in
1621 1221 1645 1246 3.
1661 1211 1688 1239 S.
1702 1212 1840 1246 Gregory.

61 1265 266 1325 S.’Greg0ry.
282 1274 472 1324 Registro‚
485 1275 583 1312 libro
598 1276 715 1313 tercio
729 1287 858 1313 versus
875 1275 1004 1320 finem,
1021 1276 1087 1312 ubi
1101 1275 1153 1313 sic
1168 1275 1334 1324 loquitur
1354 1275 1401 1313 de
1420 1274 1609 1313 Mauricio

278 1346 456 1395 Augusto
489 1346 690 1384 ordinante
721 1357 869 1383 sacram
898 1345 1024 1395 legem
1054 1345 1101 1383 de
1131 1345 1277 1383 clericis
1307 1345 1412 1394 quod
1441 1357 1522 1382 non
1552 1346 1611 1382 in-

227 1429 266 1462 15
280 1416 439 1455 tendant
463 1416 698 1454 secularibus
724 1416 906 1465 negociis.
965 1415 1035 1452 Ad
1057 1416 1133 1462 hoc,
1164 1416 1299 1465 inquit,
1316 1420 1477 1464 poteslas
1503 1423 1613 1464 super

62 1491 111 1521 50
129 1491 163 1521 d.

234 1528 237 1529 ⁷
280 1500 398 1525 omnes
430 1487 590 1525 homines
616 1485 635 1506 ’¹‘
659 1488 806 1536 prelalz'
833 1487 1062 1524 dominorum
1097 1499 1254 1524 meorum
1289 1487 1415 1523 celitus
1445 1487 1533 1523 dala
1563 1491 1616 1524 est

279 1560 403 1608 utqui
417 1559 509 1596 bona
529 1562 703 1608 appetunt
719 1559 943 1596 adiuventur
962 1562 1004 1594 ut
1021 1558 1157 1595 clerum
1179 1559 1242 1594 via
1263 1558 1556 1606 largz'uspaleat,
1574 1562 1615 1594 ut

280 1634 464 1667 terrenum
499 1641 655 1678 regnum
689 1629 810 1665 celeste·
838 1641 948 1678 regno
964 1629 1193 1679 fizmulelur.
1250 1627 1354 1666 Ecce
1389 1627 1612 1665 dominacio

280 1700 548 1750 temporalium
581 1700 800 1749 principum
835 1711 950 1748 super
981 1711 1117 1737 omnes
1160 1689 1443 1744 conversantes,
1474 1704 1511 1736 et
1544 1710 1612 1747 per

229 1783 270 1805 20
282 1782 526 1820 consequens
542 1782 655 1820 super
675 1770 817 1809 clerum
839 1781 951 1807 suurn
972 1776 1009 1807 et
1033 1769 1164 1807 omnia
1183 1769 1286 1806 bona
1307 1780 1386 1814 sua,
1404 1768 1442 1805 in
1462 1774 1611 1805 tantum

63 1914 193 1946 Decret.

63 1958 102 1988 C.
118 1965 222 1988 xxw.

63 2001 106 2041 Q.
123 2001 169 2031 iii.
187 2010 213 2031 c.
227 1999 257 2032 6.

62 2054 162 2095 Corp.
179 2055 247 2095 Jur.

63 2097 135 2129 Civ.
150 2098 238 2130 Coll.

63 2148 98 2172 Χ.

65 2339 201 2380 Wyclif.

64 2383 117 2414 De
135 2383 231 2415 Civil.

64 2426 205 2459 Domin.

62 2471 136 2503 Lib.
155 2477 210 2502 111.

281 1841 387 1891 quod
405 1841 615 1890 imperator
638 1840 809 1879 condidit
828 1840 932 1889 leges
953 1852 1080 1877 sacras
1100 1852 1171 1889 pro
1195 1840 1296 1877 clero
1318 1851 1400 1885 suo,
1421 1846 1462 1876 ut
1482 1839 1614 1877 recitat

279 1912 341 1950 hic
379 1911 589 1961 Gregorius
628 1911 676 1949 de
716 1909 917 1948 Mauricio.
947 1910 1159 1948 Decretum
1197 1911 1320 1948 eciam
1357 1910 1458 1947 xxiv.
1492 1921 1529 1959 q.
1564 1909 1612 1947 iii.

281 1981 358 2019 ‘De
386 1983 516 2019 illicita
545 1980 904 2019 excomum'cacz'one'
927 1981 1065 2031 allegat
1091 1981 1217 2030 legem
1243 1992 1392 2018 sacram
1417 1980 1614 2018 conditam

280 2066 302 2091 a
333 2053 560 2099 Iusfflniano,
594 2060 631 2090 et
665 2052 877 2090 collacione
913 2065 947 2090 x.
983 2058 1049 2090 ca⁰
1078 2052 1195 2090 unico
1224 2052 1378 2101 ponitur
1406 2050 1521 2088 tercia
1550 2050 1612 2088 lex

282 2136 389 2162 sacra
408 2123 562 2162 condita
582 2135 604 2161 a
625 2122 892 2161 Constantino.
951 2122 1044 2160 Non
1070 2122 1216 2160 videtur
1245 2133 1338 2170 ergo
1365 2121 1469 2158 racio
1493 2132 1610 2170 quare
1624 2125 1686 2152 The
1699 2125 1836 2158 Emperor

1624 2160 1723 2185 should
1735 2160 1805 2184 have
1823 2169 1855 2184 as

282 2195 496 2243 Imperator
516 2206 595 2231 non
615 2193 772 2231 haberet
791 2192 905 2230 hodie
921 2199 1069 2231 tantum
1086 2192 1312 2238 dominium,
1330 2202 1420 2229 cum
1436 2198 1609 2240 tempore
1623 2193 1706 2218 much
1719 2192 1863 2230 d9m1¹¹³0¹¹

1624 2235 1685 2251 now
1698 2235 1728 2251 as
1747 2235 1773 2251 m
1788 2226 1835 2251 the

283 2265 444 2303 istorum
474 2270 694 2303 sanctorum
719 2263 792 2302 hoc
819 2263 1126 2312 approbancium
1155 2263 1293 2300 rectius
1321 2268 1358 2300 et
1391 2259 1690 2311 expediciusti=1¹e
1703 2259 1824 2285 0f¹he⁵2

1624 2299 1720 2319 saluts.

282 2347 401 2385 quam
425 2334 544 2372 modo
571 2334 732 2372 ecclesia
760 2334 932 2370 militavit
945 2333 969 2371 ⁸.
1027 2333 1229 2380 Quantum
1259 2333 1308 2370 ad
1336 2332 1437 2370 istud
1466 2333 1611 2370 dictum

282 2413 338 2445 est
354 2407 450 2444 libro
466 2406 584 2444 tercio
600 2405 736 2443 diffuse
752 2404 951 2454 quomodo
967 2405 1171 2442 occasione
1187 2405 1337 2453 peccati
1353 2403 1613 2442 introductum

283 2484 340 2516 est
369 2476 476 2515 civile
511 2476 724 2521 dominum,
758 2487 847 2512 cum
879 2475 917 2512 in
952 2481 1050 2512 statu
1089 2475 1312 2513 innocencie
1351 2486 1431 2512 non
1469 2473 1612 2518 fuisset,

282 2554 319 2586 et
338 2554 426 2597 post
446 2547 595 2597 lapsum
616 2553 789 2595 tempore
813 2546 1011 2594 utriusque
1038 2546 1255 2583 testamenti
1282 2546 1332 2582 illi
1354 2545 1418 2594 qui
1438 2545 1613 2582 vixerunt

283 2618 496 2668 perfeccius
531 2617 624 2655 illud
654 2616 869 2654 dominium
889 2616 1114 2654 abimerunt.
1171 2615 1275 2654 Nam
1299 2615 1490 2653 vinculum
1518 2615 1611 2652 cari·
1624 2625 1686 2651 The
1699 2624 1772 2651 hond
1787 2624 1819 2650 of

1625 2658 1734 2690 charity
1749 2659 1770 2684 is
1784 2658 1831 2683 the

285 2689 384 2733 tatis,
405 2687 592 2725 subducto
621 2688 757 2725 timore
788 2686 923 2732 servili,
957 2692 1014 2724 est
1047 2686 1124 2735 liga
1154 2687 1300 2735 optima
1330 2698 1407 2735 qua
1435 2685 1611 2723 homines
1624 2691 1893 2756 ‘bgrsfrffiffissgzhy

233 2766 271 2799 35
288 2771 328 2796 se
366 2759 548 2796 iuvarent.
616 2757 693 2796 Sed
731 2757 928 2807 supposita
965 2756 1231 2794 inobediencia
1270 2764 1307 2794 et
1345 2756 1611 2794 contrarietate

329 2861 338 2879 ¹
364 2861 512 2901 regulum
529 2860 649 2892 emend.
669 2860 754 2892 Edd.
767 2865 829 2901 pro
846 2859 1001 2901 regulam.
1025 2866 1057 2897 Α,
1077 2867 1109 2890 Β,
1345 2859 1356 2875 ²
1380 2869 1431 2899 xv,
1450 2867 1493 2897 .‡x;
1518 2864 1563 2898 5⁰,
1583 2866 1610 2889 Β.

286 2911 297 2930 ³
322 2912 477 2944 militavit
493 2911 629 2944 eeclesia
645 2922 742 2953 quam
760 2912 869 2951 modo,
887 2912 954 2943 ord.
973 2912 1039 2942 inv.
1061 2919 1090 2942 Β.
