2018 3401
668 312 732 343 DE
764 312 958 344 orricio
994 312 1146 344 REGIS.
1767 302 1848 355 265

248 414 481 454 infallibilem
504 417 725 454 veritatem?
777 415 879 454 Nam
901 416 1045 465 precise
1066 415 1326 454 obediendum
1346 423 1402 454 est
1423 414 1570 453 homini

246 486 295 523 de
327 494 471 536 quanto
506 487 595 524 dicit
628 487 863 524 voluntatem
894 487 953 524 dei
983 498 1101 536 quam
1132 486 1353 523 naturaliter
1386 487 1482 535 gerit
1514 487 1570 523 in-

246 557 425 606 scriptam
442 571 452 604 ;
484 565 531 603 et,
555 571 603 595 ne
635 570 702 607 per
733 558 1026 603 anticristianos‚
1060 563 1266 595 statuentes
1297 557 1483 595 blasfeme
1514 557 1571 594 vel

247 628 473 666 mandantes
511 628 638 666 Cristo
685 629 931 674 contrarium,
962 628 1127 677 populus
1175 628 1387 673 seducatur,
1438 639 1570 677 super-

213 698 392 740 5addidit
421 699 545 749 legem
575 711 695 746 suam,
718 699 778 737 cui
808 699 928 737 noluit
958 698 1163 748 superaddi
1198 698 1255 735 vel
1289 698 1410 735 minui
1432 699 1572 747 imper-

245 769 371 807 tinens
409 770 486 807 sive
519 770 753 808 contrarium
788 782 857 819 per
895 769 1000 820 quod
1030 782 1052 807 a
1086 769 1269 818 religione
1308 769 1472 806 naturali
1511 768 1571 805 dei

244 840 412 889 populus
445 841 667 878 tardaretur.
722 840 772 877 Et
806 846 848 889 30
868 846 972 889 patet
1004 840 1186 877 scrutanti
1216 846 1340 877 totum
1373 839 1569 877 hominem
1586 845 1821 878 Furthermore(3

1584 880 1605 905 it
1619 880 1710 906 shows
1724 880 1798 905 what

245 923 335 948 cum
355 917 498 960 quanta
524 911 733 960 prudencia
761 911 807 948 sit
836 911 979 949 occisio
1009 910 1194 948 facienda.
1251 910 1439 947 Videmus
1468 911 1571 947 enim
1584 913 1815 973 {ffgffi'ffgffiffl

246 982 575 1031 conposicionem,
601 982 938 1019 continuacionem
967 987 1004 1019 et
1034 987 1209 1018 mutuam
1248 980 1611 1031 suffragaeionemin
1624 980 1732 1013 kssfissg-

195 1069 234 1092 10
248 1052 390 1090 nedum
410 1065 478 1102 per
497 1053 705 1099 hominem,
727 1053 795 1090 sed
823 1065 891 1102 per
920 1059 1042 1090 totam
1071 1052 1358 1089 universitatem
1389 1059 1568 1099 creatam,

245 1135 312 1172 per
332 1124 435 1173 quod
458 1124 628 1172 signatur
649 1124 760 1161 nobis
784 1124 995 1162 secundum
1026 1123 1151 1172 legem
1181 1123 1348 1160 caritatis
1376 1123 1572 1172 indispen-

246 1194 406 1232 sabilem
450 1195 555 1244 quod
593 1195 719 1233 omnis
768 1194 888 1233 homo
939 1194 1053 1231 debet
1091 1206 1248 1232 omnem
1283 1194 1481 1232 hominem
1515 1194 1572 1230 in-

246 1265 508 1315 separabiliter
529 1265 685 1314 diligere
705 1272 741 1303 et
762 1266 908 1312 iuvare;
929 1278 976 1302 ex
998 1277 1076 1315 quo
1098 1265 1290 1303 convincit
1320 1265 1426 1314 quod
1447 1264 1570 1302 solum
1585 1266 1752 1298 Onlywhen
1767 1275 1784 1292 a

1585 1301 1708 1325 member
1720 1301 1751 1326 os
1759 1300 1806 1325 the

247 1336 405 1386 quando
436 1337 654 1373 membrum
686 1336 845 1374 humani
876 1337 1027 1385 generis
1059 1336 1250 1385 reliquum
1282 1336 1452 1374 inficeret
1473 1336 1530 1374 vel
1551 1333 1817 1374 ahumanmcffln·

1586 1368 1655 1393 sects
1668 1377 1697 1393 or
1711 1367 1823 1392 hinders

194 1425 230 1456 15
248 1407 405 1444 servicio
439 1407 513 1445 deo
548 1407 676 1444 debito
711 1408 912 1456 impediret
951 1407 1098 1444 abscidi
1138 1407 1251 1444 debet
1286 1407 1343 1444 vel
1381 1407 1571 1444 caritative
1585 1401 1631 1426 ‘he
1646 1407 1700 1426 ‘³³⁵‘
1714 1401 1784 1426 ss⁰¹¹¹

1588 1435 1674 1460 God's
1685 1434 1798 1464 service,

246 1478 457 1515 resistendo
496 1478 544 1515 ad
583 1478 640 1515 sui
673 1477 883 1516 comodum
931 1478 1168 1522 commoveri,
1199 1484 1236 1514 et
1285 1478 1498 1527 specialiter
1543 1478 1573 1515 si
1587 1468 1687 1528 {Qum
1702 1468 1736 1493 he
1756 1467 1788 1493 ¹³⁶
1803 1472 1850 1493 ω

247 1550 409 1598 superbe
451 1556 487 1586 et
525 1549 708 1587 blasfeme
747 1548 1050 1598 attemptaverit¹
1090 1549 1231 1598 aliquid
1270 1556 1403 1586 contra
1442 1549 1568 1586 deum.
1582 1551 1744 1616 &5323ssssng
1745 1556 1828 1609 1100&

247 1619 351 1656 Nam
372 1619 583 1656 secundum
605 1620 886 1658 Crisostomum
906 1621 1080 1657 membra
1101 1619 1288 1656 nobiliora
1310 1619 1389 1657 sine
1411 1620 1567 1668 strepitu
1583 1619 1719 1643 member<
1732 1627 1778 1642 ΜΞ
1792 1624 1819 1642 1¹²

1585 1652 1704 1677 concord
1720 1651 1786 1676 with
1800 1659 1852 1676 one

248 1690 305 1727 vel
327 1690 532 1728 rebellione
553 1691 779 1740 ignobilium
810 1691 952 1728 faciunt
981 1690 1224 1728 concorditer
1248 1683 1360 1726 suum
1391 1690 1569 1727 officium.
1584 1685 1720 1750 gffiffisb
1723 1685 1800 1744 {2225

195 1775 234 1797 20
247 1760 361 1798 Unde
382 1761 430 1798 ad
452 1761 744 1810 deprimendum
765 1761 978 1798 humanam
1000 1761 1219 1810 superbiam
1235 1761 1422 1798 ordinavit
1439 1768 1572 1798 auctor
1585 1752 1670 1778 ‘hem'

247 1837 379 1869 nature
401 1832 611 1869 secundum
632 1832 852 1880 apostolum
872 1832 1045 1869 membra
1061 1843 1135 1880 que
1152 1831 1381 1879 ignobiliora
1397 1831 1574 1868 videntur

33 1919 46 1941 1
66 1910 143 1942 Cor.
163 1910 220 1941 xii.
249 1903 507 1940 necessariora
541 1903 590 1939 ad
622 1903 735 1940 vitam
766 1903 979 1948 hominum,
1012 1908 1053 1938 ut
1084 1902 1122 1938 in
1158 1901 1231 1938 hoc
1263 1913 1344 1938 non
1380 1902 1574 1939 discamus

32 1963 82 1994 23.

30 2259 79 2289 54
97 2260 131 2289 b.

249 1974 483 2011 contendere
521 1974 621 2011 circa
661 1974 913 2011 maioritatem
952 1973 1071 2011 nostri
1112 1973 1236 2018 officii,
1274 1973 1340 2010 sed
1371 1985 1576 2022 operemur

249 2044 397 2081 bonum
436 2045 486 2082 ad
515 2056 650 2082 omnes
688 2045 872 2082 instanter
910 2044 1173 2081 credulitatem
1215 2044 1354 2081 nostris
1393 2044 1575 2093 operibus

195 2132 233 2164 25
249 2114 514 2164 relinquentes,
537 2116 823 2152 considerantes
848 2115 951 2163 quod
977 2114 1079 2151 solus
1100 2114 1158 2151 ille
1180 2114 1372 2151 homicida
1394 2116 1441 2151 ab
1462 2115 1575 2151 inicio

248 2197 336 2222 cum
375 2185 452 2222 suis
483 2185 567 2222 filiis
596 2185 806 2222 affeccione
838 2182 1189 2236 vacui[s]sse1ninat
1220 2185 1449 2222 discordiam
1480 2185 1574 2222 inter

250 2255 393 2292 fratres.
461 2255 627 2293 Caritate
662 2254 679 2273 *
716 2255 829 2304 igitur
868 2254 1036 2291 subtrahi
1075 2254 1186 2291 debet
1226 2255 1352 2292 facula
1391 2256 1427 2291 in
1463 2255 1575 2293 bonis

250 2325 429 2371 minimis,
451 2325 542 2362 dum
564 2326 720 2363 flamma
751 2325 972 2362 innaturalis
996 2325 1231 2369 accenditur,
1254 2332 1399 2370 natura,
1422 2338 1497 2375 que
1518 2333 1574 2364 est

250 2407 348 2444 opus
382 2395 442 2433 dei
479 2402 516 2433 et
554 2396 651 2441 finis,
681 2396 807 2444 gracia
840 2396 946 2432 cuius
978 2395 1146 2433 affectari
1182 2395 1293 2432 debet
1327 2396 1574 2444 emplastrum

33 2466 228 2507 Augustine‚
250 2465 481 2503 stercorum2
501 2466 677 2515 semper³
698 2466 810 2503 salva.
858 2465 972 2502 Unde
995 2466 1206 2503 secundum
1229 2466 1487 2514 Augustinuin
1509 2467 1546 2503 in
1561 2467 1572 2485 ⁴
1587 2470 1786 2508 S-,Ausustiue
1801 2479 1835 2497 οη

32 2511 132 2559 Ques.

1587 2505 1672 2537 pride.

248 2536 308 2574 De
347 2537 611 2586 questionibus
650 2536 847 2585 ewangelii
882 2544 947 2573 ca⁰
985 2543 1066 2583 290,
1102 2536 1204 2573 idem
1243 2536 1337 2573 foret
1377 2536 1573 2574 hominem

249 2607 444 2656 superbire
465 2607 511 2644 de
528 2607 805 2656 temporalibus
819 2606 1040 2643 necessariis
1061 2606 1108 2643 ad
1131 2606 1346 2643 sanandum
1361 2606 1374 2626 ⁵
1394 2608 1573 2644 morbum

251 2677 288 2712 in
323 2688 436 2725 quem
471 2676 600 2726 lapsus
633 2683 690 2714 est
721 2689 767 2714 ex
803 2683 960 2725 peccato
995 2676 1106 2725 primi
1145 2676 1312 2713 hominis
1347 2688 1390 2713 ac
1426 2677 1455 2713 si
1491 2677 1574 2725 quis

251 2746 460 2795 superbiret
491 2748 666 2784 maniace
698 2760 744 2784 ex
779 2758 895 2784 onere
928 2746 1178 2794 deprimentis
1218 2746 1317 2783 sacci
1357 2745 1573 2795 multiplicis

294 2845 303 2862 ¹
328 2846 553 2886 acceptaverit,
572 2854 604 2876 Α.
706 2845 716 2862 ²
739 2850 922 2877 sanctorum
943 2850 1004 2885 pro
1022 2851 1209 2882 stercorum,
1228 2853 1259 2874 A.
1366 2844 1375 2859 ³³
1401 2853 1494 2885 super
1512 2849 1574 2884 pro

251 2907 384 2938 semper,
406 2905 438 2927 Α.
529 2897 538 2914 ¹
563 2897 606 2934 in,
623 2907 681 2927 om.
703 2905 735 2928 Α.
827 2897 837 2913 ³¹
863 2896 1053 2928 salvandum
1073 2900 1136 2936 pro
1154 2895 1344 2934 sanandum,
1365 2903 1395 2925 Α.
