2018 3401
105 321 187 372 164
804 331 869 363 DE
901 331 1098 364 oFF1cro
1132 331 1286 363 REGIS.

100 445 368 511 Effigsscfflssjssl-'ffo
379 437 491 486 igitur
506 437 755 475 beneficiatus
771 437 856 475 talis
871 437 1149 475 transmarinus
1164 449 1245 474 non
1266 442 1416 486 reputat
1437 448 1477 474 se
1498 436 1712 473 subiectum

101 513 350 573 ἑᾞῇἧξξξςίἒὲορ
381 517 514 547 nostro
535 509 824 559 archiepiscopo
842 509 991 547 videtur
1017 509 1123 558 quod
1143 509 1202 546 vel
1223 509 1366 546 veniret
1395 508 1434 545 in
1453 519 1619 557 persona
1648 519 1716 544 sua

101 589 149 640 ξιξ
159 581 327 644 ἓὲῑῑῇξοῗέξ
330 581 371 640 ξδ’
382 580 527 618 faciens
553 581 669 618 fidem
689 581 768 630 regi
788 588 829 618 ut
849 581 1020 626 domino,
1041 580 1100 618 vel
1129 586 1275 618 careret
1295 580 1360 617 tali
1384 580 1486 629 regis
1511 578 1715 617 beneficio.

102 648 372 715 ἱζξδζζὶζῖξξὲἑέὓξζε
384 651 487 689 Nam
508 653 683 690 omnium
703 652 976 701 temporalium
1005 652 1115 701 regni
1144 658 1201 689 est
1230 663 1296 688 rex
1328 651 1520 696 dominus,
1543 650 1620 688 sive
1641 650 1717 686 sint

106 715 195 748 King,
209 725 240 742 or
253 717 310 741 lose

105 749 178 775 their
190 749 338 776 benefices.

105 811 327 849 1sthere„3enue
341 793 487 837 0f1tem
524 794 556 830 si
589 794 735 831 alienus
768 794 975 844 episcopus
1013 792 1169 843 posset1
1203 793 1301 831 licite
1338 800 1568 842 proventum
1607 791 1719 828 unius

103 846 372 938 {gessffgggggtffy
385 865 559 902 beneficii
591 865 841 902 ecclesiastici
874 873 1114 915 extorquere,
1147 865 1309 902 ditando
1346 876 1467 913 regno
1499 863 1652 900 inutiles
1682 869 1720 900 et

117 922 242 945 Ofelgna
264 921 310 938 §en
326 921 372 937 eeS

105 946 373 1011 {iifbfflsseffctssesn‘igy
385 944 741 986 quantumcumque
757 936 955 983 inhabiles,
973 949 1061 974 cum
1083 948 1163 974 non
1179 937 1224 974 sit
1240 936 1462 974 instandum
1479 935 1518 971 in
1538 947 1617 972 uno
1633 933 1720 983 plus

282 989 294 1005 S

104 1013 375 1073 ssvgtirssffifflrjrffiiig
387 1020 504 1058 quam
534 1008 573 1044 in
605 1008 754 1057 reliquo
783 1008 930 1046 videtur
962 1008 1070 1058 quod
1103 1008 1232 1045 liceret
1263 1007 1332 1044 sibi
1361 1007 1526 1044 alienare
1553 1005 1718 1043 fructum

105 1080 377 1140 {grffiffiggfficissssu
388 1080 664 1130 cuiuscumque
693 1079 871 1117 beneficii
908 1079 1155 1117 ecclesiastici
1182 1079 1293 1128 regni
1323 1078 1444 1116 nostri
1483 1076 1718 1115 conserendo
1734 1088 1775 1111 10

105 1148 196 1174 Osthe
207 1148 354 1181 kinngm·
389 1151 619 1200 cuicumque
636 1151 792 1188 inimico
807 1151 867 1187 vel
883 1150 1040 1188 inhabili
1056 1158 1096 1187 ut
1113 1150 1183 1188 sibi
1199 1150 1391 1199 placuerit.
1432 1148 1507 1186 Sed
1522 1147 1722 1198 quomodo

385 722 544 768 decime,
561 723 638 760 sive
659 723 732 760 alia
751 723 896 768 iocalia,
914 735 1002 763 cum
1023 723 1069 760 sit
1089 722 1269 760 dominus
1289 722 1462 772 corporis
1478 721 1716 759 clericorum.

387 1229 502 1259 staret
516 1234 678 1271 regnum
692 1222 722 1258 si
735 1234 872 1259 omnes
885 1222 1141 1272 episcopatus,
1150 1233 1286 1275 omnes
1299 1221 1462 1258 abbatus
1475 1226 1511 1257 et
1523 1219 1724 1269 prioratus,

387 1305 524 1330 omnes
544 1293 751 1343 prebende,
771 1305 908 1331 omnes
930 1294 1088 1331 rectorie
1105 1293 1163 1330 vel
1184 1292 1419 1341 hospitilarie
1434 1291 1575 1340 Anglie
1595 1296 1723 1328 essent

385 1364 565 1401 translate
586 1364 635 1401 ad
655 1364 894 1413 alienigenas
920 1364 1125 1401 inimicos?
1183 1363 1333 1401 Revera
1363 1362 1506 1399 nedum
1535 1361 1720 1398 medietas

385 1435 656 1485 temporalium
685 1436 794 1484 regni
824 1435 959 1481 nostri,
980 1435 1060 1478 sed,
1081 1435 1187 1484 quod
1216 1434 1367 1483 gravius
1390 1442 1456 1477 est,
1479 1439 1716 1470 crementum
1734 1440 1771 1471 15

386 1506 618 1543 naturalium
656 1506 941 1556 temporalium,
981 1518 1136 1544 necnon
1174 1513 1211 1543 et
1251 1504 1444 1554 spirituale
1482 1503 1720 1551 suffragium,

110 1585 137 1610 It
150 1584 173 1610 is
186 1583 269 1610 much
289 1577 488 1616 betterforet
509 1591 531 1615 a
551 1590 672 1627 regno
701 1579 882 1616 ablatum.
942 1578 1017 1615 Sed
1048 1578 1165 1627 longe
1196 1577 1333 1614 melius
1364 1583 1419 1612 est
1451 1575 1556 1624 quod
1587 1587 1654 1611 rex
1685 1582 1722 1611 et

108 1619 169 1643 that
184 1618 230 1643 the
246 1617 323 1649 King

108 1652 210 1677 should
221 1651 334 1683 deprive
392 1662 555 1699 regnum
577 1651 737 1687 aufferat
757 1651 905 1687 bonum
927 1661 1037 1687 suurn
1059 1649 1164 1698 quod
1186 1647 1350 1697 spoliant
1371 1653 1450 1684 tam
1469 1646 1725 1695 multipliciter

109 1686 185 1711 them
196 1685 279 1711 osthe
291 1685 379 1711 troods

108 1719 176 1751 ‘hey
190 1706 306 1745 ffl³⁵u⁵e5
392 1722 697 1771 depauperantes
716 1719 730 1739 2
778 1733 951 1771 regnum,
1005 1721 1093 1770 quia
1140 1720 1248 1757 aliter
1301 1718 1515 1756 secundum
1568 1718 1723 1754 beatum

389 1793 658 1830 Bernhardum
698 1793 794 1830 foret
832 1805 900 1830 rex
939 1792 1073 1829 similis
1115 1803 1246 1840 symee
1285 1803 1398 1840 super
1441 1795 1594 1835 tectum,
1633 1789 1724 1838 quia
1739 1805 1779 1827 20

390 1864 568 1902 deficeret
589 1877 636 1901 ex
658 1877 749 1902 ceca
779 1864 1027 1901 similitudine
1053 1875 1075 1900 a
1100 1863 1285 1912 precipuo
1305 1862 1490 1911 regimine
1518 1860 1626 1910 regni
1655 1860 1725 1897 sui.

392 1935 469 1972 Sed
500 1943 652 1985 oportet
685 1936 846 1973 omnino
873 1947 1008 1984 aspere
1043 1934 1251 1981 castigetur
1280 1933 1514 1982 quicumque
1546 1931 1727 1980 indigena

389 2008 512 2045 taliter
543 2007 675 2045 alienis
703 2019 725 2044 a
753 2006 828 2044 fide
859 2012 896 2043 et
925 2006 1108 2055 religione
1138 2004 1391 2042 consenciens
1411 2003 1470 2040 vel
1501 2014 1726 2052 procurans.

391 2079 519 2117 Debet
539 2079 642 2116 enim
663 2091 729 2116 rex
750 2078 826 2115 suis
845 2077 954 2127 legiis
974 2084 1015 2114 ut
1034 2083 1172 2113 vacent
1198 2075 1443 2112 edificatoriis
1462 2074 1570 2123 regni
1591 2073 1724 2111 officiis

392 2159 428 2189 et
460 2150 651 2188 dimittant
681 2157 759 2187 tam
791 2149 1040 2199 peregrinum
1073 2147 1253 2192 officium,
1275 2145 1466 2184 cassando
1499 2152 1721 2194 preceptum
1737 2156 1775 2187 25

392 2223 516 2260 eciam
545 2234 646 2271 pape
666 2221 886 2258 mandantis
915 2219 1149 2269 oppositum,
1171 2218 1260 2268 quia
1288 2218 1327 2254 in
1356 2217 1428 2255 hiis
1459 2217 1574 2254 debet
1603 2216 1724 2264 legius

114 2300 141 2325 It
154 2299 177 2326 is
190 2308 226 2325 no
239 2308 289 2325 use
301 2308 361 2332 pre·
397 2294 498 2342 regis
521 2293 605 2342 plus
633 2293 704 2330 sibi
735 2292 892 2330 obedire
922 2303 1039 2341 quam
1068 2303 1179 2340 pape,
1200 2297 1242 2327 ut
1265 2296 1368 2338 patet
1390 2301 1437 2325 ex
1459 2287 1583 2326 dictis.
1641 2286 1726 2324 Nec

113 2333 232 2366 tending
245 2333 307 2358 that
320 2333 368 2358 the

113 2367 372 2426 ῑῖἑζξῑῑῑξζξῐὲξξὸῡξοᾶ
399 2365 498 2402 valet
519 2364 666 2413 fingere
692 2363 798 2413 quod
825 2362 1032 2400 translacio
1061 2373 1272 2411 paucorum
1291 2359 1567 2398 beneficiorum
1587 2357 1728 2406 Anglie

115 2434 268 2467 smeigness
282 2433 304 2459 ³⁵
396 2447 475 2472 non
492 2441 659 2480 noceret,
676 2435 800 2483 primo
817 2433 906 2483 quia
923 2433 954 2469 si
968 2432 1094 2470 totalis
1111 2431 1313 2468 translacio
1334 2436 1473 2467 noceat
1488 2429 1726 2479 aliquantum

116 2468 261 2498 harmhess,
277 2468 325 2493 the

116 2501 348 2561 ffiffssgfffless‘he
396 2506 522 2543 minor
559 2505 764 2542 translacio
802 2504 954 2542 nocebit
993 2501 1376 2552 proporcionabiliter
1415 2500 1596 2549 spoliatis.
1656 2498 1722 2536 Se·
1737 2507 1779 2538 30

397 2577 537 2623 cundo,
563 2588 651 2614 cum
670 2580 774 2612 tanta
801 2575 949 2612 iusticia
972 2581 1045 2612 stat
1065 2574 1104 2610 in
1124 2573 1286 2610 minimo
1313 2573 1417 2609 bono
1446 2578 1488 2608 ut
1517 2571 1687 2608 maximo
1700 2570 1725 2616 ⁸,

398 2655 501 2699 patet
531 2647 662 2697 quod4
687 2659 735 2684 ex
756 2645 1011 2683 translacione
1040 2645 1301 2693 cuiuscunque
1322 2642 1495 2680 beneficii
1525 2641 1731 2679 solveretur

396 2719 605 2769 proditorie
635 2717 785 2755 iusticia
814 2716 945 2767 quoad
974 2716 1101 2753 deum.
1156 2715 1207 2751 Et
1227 2714 1344 2751 tercio
1373 2713 1474 2751 idem
1499 2712 1597 2750 foret
1626 2712 1729 2749 flecti

398 2792 435 2828 in
456 2789 704 2828 observancia
724 2788 813 2825 iuris
834 2787 951 2825 nostri
972 2786 1102 2836 quoad
1122 2785 1325 2822 minimum
1345 2790 1382 2822 et
1401 2783 1538 2821 cedere
1554 2782 1728 2820 hostibus

398 2870 437 2898 ut
465 2860 604 2897 saciant
634 2859 810 2897 fissuram
831 2857 849 2877 *
871 2858 1083 2895 maximam
1103 2857 1141 2894 in
1162 2867 1357 2905 processu.
1415 2854 1595 2903 Arguunt
1623 2853 1726 2890 enim
1740 2857 1785 2886 35
1802 2866 1833 2887 e.

444 2943 450 2960 ¹
479 2948 594 2984 potest,
614 2951 642 2974 it.
717 2941 728 2959 ²
752 2941 987 2982 depauperans,
1005 2948 1037 2970 Α,
1115 2938 1126 2954 ⁸
1150 2937 1300 2976 maxime,
1319 2945 1348 2967 Β.
1424 2935 1434 2953 ⁴
1459 2935 1557 2976 quod,
1571 2945 1631 2965 om.
1651 2942 1680 2964 B.
