2018 3401
134 324 214 369 208
843 328 909 359 DE
940 326 1135 359 OFFICIO
1167 324 1324 357 REGIS.
1995 257 2018 364 {l

413 437 596 483 subditur,
619 434 831 481 Exta-nus,
853 435 922 482 quz'
942 434 995 470 ad
1017 432 1306 470 mz'mklrandum
1334 430 1533 477 accesserit,
1557 429 1743 466 morietur.

413 508 556 546 Iudeus
586 515 714 544 autem
744 506 791 543 de
821 505 896 542 alia
925 504 1025 541 tribu
1055 503 1178 552 potuit
1207 501 1422 540 consecrari
1449 500 1498 537 ad
1522 500 1640 537 alium
1660 499 1744 536 reli-

414 581 565 630 giosum
599 577 761 615 modum
790 575 940 614 vivendi
970 575 1073 612 salvo
1102 574 1257 624 proprio
1287 573 1414 611 officio
1444 572 1675 615 Levitarum,
1705 577 1746 607 ut

415 649 645 688 abstinendo
680 649 728 685 ab
763 646 959 684 inmundis
997 652 1034 683 et
1072 652 1165 694 potu
1204 644 1430 683 inebriativo
1459 642 1517 680 vel
1551 642 1624 679 ritu
1659 641 1745 688 alio,
1759 648 1884 680 Numb.
1898 647 1941 679 vi.

414 728 454 759 ut
483 727 586 771 patet
615 720 662 758 de
691 719 774 768 lege
808 717 1074 755 Nazareorum
1109 716 1270 753 Numer.
1300 715 1346 761 vi,
1382 714 1491 752 cuius
1525 713 1747 762 exemplum
1759 719 1884 762 Judges
1897 718 1964 750 xiii.

414 799 470 831 est
491 793 539 829 de
567 791 784 840 Sampsone
813 788 989 826 Indicum
1015 800 1073 835 13.
1130 786 1235 825 Ymo
1264 787 1423 837 gentiles
1450 790 1628 835 poterant
1652 797 1746 822 con-

2003 667 2011 850 .,‚,———-.-ae—ax

416 863 554 901 secrari
575 861 624 899 ad
644 873 763 910 opera
784 860 932 897 servilia
952 859 1055 897 circa
1069 858 1265 907 templum,
1281 865 1321 895 ut
1338 864 1442 907 patet
1456 857 1502 894 de
1517 856 1747 894 Gabaonitis
1759 859 1904 902 Josh.ix.
1922 867 1950 899 3.
2006 866 2011 885 ι

416 935 531 973 Iosue
549 935 599 971 ix.
640 932 702 969 Sic
723 938 850 968 autem
872 943 951 968 non
973 930 1101 967 decuit
1122 941 1329 979 personam
1348 928 1546 966 Hebream
1567 927 1748 965 serviliter

416 1004 628 1054 mancipari
647 1010 802 1053 propter
823 1002 1036 1038 libertatem
1058 1000 1286 1038 servandam
1307 1001 1346 1037 in
1367 1000 1432 1045 eis,
1450 1007 1491 1037 ut
1512 1005 1616 1049 patet
1637 998 1747 1036 Levi·
1762 1008 1838 1039 Lev.
1857 1017 1930 1039 xxv,

417 1077 480 1114 tici
513 1086 574 1123 25.
630 1074 746 1111 Unde
776 1085 849 1122 pro
879 1072 1010 1110 Levita
1037 1079 1198 1110 vovente
1227 1084 1268 1109 se
1299 1072 1436 1109 servire
1467 1069 1682 1120 specialiter
1711 1069 1750 1105 in
1763 1081 1810 1110 43
1828 1089 1859 1110 ο,

419 1147 632 1185 Ierusalem
662 1145 751 1182 data
779 1151 836 1181 est
866 1144 921 1181 eis
948 1143 965 1162 *
997 1143 1059 1181 Iex
1089 1143 1203 1181 Deut.
1238 1145 1296 1180 18.
1766 1150 1863 1182 Dent.
1881 1148 1970 1180 xviii.

136 1223 376 1258 Thispremissed,
478 1218 565 1256 Istis
611 1215 806 1267 premissis
853 1221 910 1253 est
954 1222 998 1263 30
1043 1214 1179 1263 triplex
1226 1214 1429 1263 responsio
1476 1213 1526 1250 ad
1573 1212 1753 1262 predicta.
1768 1219 1814 1247 N.

139 1269 180 1285 we
202 1260 274 1285 have
287 1267 304 1284 a
317 1257 407 1283 three-

138 1294 361 1358 ξῖῑξοῖἳίζὲἓῐξῡ
419 1291 551 1328 Primo
582 1288 689 1338 quod
713 1294 837 1325 totum
868 1287 942 1324 hoc
974 1286 1041 1323 fuit
1071 1285 1318 1323 cerimoniale
1348 1292 1384 1323 et
1413 1297 1481 1335 per
1510 1296 1753 1333 consequens

138 1359 387 1421 ξζῐέξρᾕξέξψ·
419 1374 500 1400 non
539 1366 596 1398 est
634 1372 656 1397 a
690 1359 830 1396 nostris
868 1357 1131 1395 sacerdotibus
1170 1357 1219 1394 ad
1256 1356 1421 1393 litteram
1460 1355 1754 1393 observandum.

139 1429 221 1454 wholl
256 1436 329 1454 cere-
625 1431 631 1437 ·
776 1430 783 1436 '
1100 1428 1106 1435 ⁸

140 1433 538 1491 m011i231,andsoisTunC
572 1443 676 1468 enim
707 1430 923 1478 obllgarent
955 1441 994 1466 se
1027 1427 1187 1477 perinde
1219 1427 1267 1465 ad
1302 1427 1590 1477 qualescunque
1621 1426 1806 1477 obser-15

139 1502 189 1522 not
202 1502 231 1521 to
243 1496 278 1521 be
287 1494 409 1525 literally

140 1529 276 1556 obser-ved
290 1529 328 1561 by
341 1536 392 1553 our

139 1564 247 1597 priests.

421 1504 575 1542 vancias
596 1501 860 1540 sacerdotibus
879 1500 974 1549 legis
999 1500 1134 1537 veteris
1154 1498 1343 1544 limitatas,
1366 1498 1471 1548 quod
1491 1497 1588 1535 foret
1609 1497 1752 1534 nedum

421 1575 536 1613 nimis
566 1575 706 1612 durum
737 1570 902 1610 nostris1
923 1571 1134 1609 cervicibus
1164 1570 1231 1608 sed
1259 1570 1383 1607 eciam
1404 1569 1569 1614 infidele,
1590 1575 1631 1605 ut
1651 1574 1754 1618 patet

421 1649 460 1685 in
480 1646 639 1684 materia
660 1645 707 1682 de
728 1643 948 1681 cessacione
968 1641 1159 1691 legalium.
1199 1641 1303 1678 Ymo
1324 1639 1525 1677 innitendo
1545 1640 1615 1676 hiis
1632 1638 1755 1676 verbis

422 1731 503 1756 non
529 1718 657 1755 liceret
689 1715 828 1753 nostris
857 1713 1003 1751 clericis
1033 1713 1199 1751 vendere
1229 1712 1399 1750 decimas
1427 1711 1525 1757 lane,
1547 1712 1754 1760 garbarum

145 1801 175 1827 If
184 1800 240 1826 this
254 1799 313 1824 rule
326 1806 399 1823 were
422 1789 481 1827 vel
510 1788 661 1827 alterius
682 1786 881 1831 decimati;
911 1797 1044 1834 ymmo
1068 1796 1156 1821 cum
1177 1783 1280 1820 nulla
1310 1783 1437 1820 oblata
1457 1782 1622 1831 pecunia
1642 1781 1753 1831 quid·
1770 1800 1810 1822 20

143 1832 543 1911 frirlfffissghltcltiigiquam
581 1871 719 1903 emere,
750 1869 839 1894 cum
874 1856 948 1893 tale
984 1862 1251 1893 consecratum
1292 1854 1454 1892 domino
1493 1853 1631 1891 mutari
1675 1864 1755 1889 non

143 1902 573 1982 l1³1ss{gf¹15²¹i³01{1¹⁴1=¹¹i)²1²¹⁵e‘³⁵·7poterit,
590 1930 658 1967 sed
677 1929 779 1965 nude
800 1927 978 1964 consumi
999 1926 1038 1962 in
1058 1926 1188 1963 usibus
1209 1925 1428 1969 sacerdotis,
1443 1932 1479 1962 et
1493 1924 1613 1961 multo
1633 1923 1756 1972 magis

426 2015 506 2040 non
538 2001 667 2038 liceret
705 1998 845 2036 nostris
884 1997 1022 2035 dotatis
1051 1997 1214 2034 vendere
1244 1996 1347 2035 laicis
1383 1995 1496 2033 Cristi
1524 1993 1756 2043 patrimonia

427 2072 604 2111 corrodia
627 2078 664 2109 et
692 2071 786 2108 alias
815 2069 1045 2107 elemosinas
1075 2068 1128 2105 sic
1160 2066 1315 2104 civiliter
1344 2073 1578 2104 commutare.

145 2154 188 2188 (ii)
200 2154 240 2180 As
253 2152 289 2178 au
303 2151 391 2189 lancis,
486 2142 663 2182 Secunda
692 2141 895 2191 responsio
924 2140 1013 2177 dicit
1041 2139 1145 2188 quod
1184 2151 1275 2188 ager
1307 2138 1365 2175 vel
1395 2137 1534 2175 domus
1567 2136 1614 2173 de
1648 2135 1754 2173 here·
1771 2154 1809 2184 25

146 2187 279 2215 returned
294 2191 322 2212 to
335 2185 407 2210 their

146 2221 386 2286 {{itg}}2²3le{”ss'¹2,‘}¹⁵
433 2216 546 2253 ditate
577 2220 734 2264 paterna
766 2224 835 2261 per
869 2211 1095 2248 divisionem
1132 2210 1246 2247 sortis
1280 2208 1450 2258 regulate
1482 2220 1504 2245 a
1536 2206 1622 2244 Deo
1654 2213 1757 2256 post-

148 2285 402 2353 ἐὲῑέῑὲῐῖἑὲῗξίᾒι
431 2298 546 2337 quam
587 2289 857 2322 consecratum
904 2288 962 2319 est
1009 2281 1096 2318 Deo
1141 2293 1220 2317 non
1270 2279 1402 2317 debuit
1451 2277 1650 2323 comutari‚
1692 2276 1759 2314 sed

149 2356 269 2390 Eng¹⁵⁵h
284 2360 415 2380 customs.
433 2363 702 2396 consecratum
733 2367 781 2391 ex
814 2353 1017 2402 empcione
1051 2352 1109 2389 vel
1148 2351 1302 2388 aliunde
1332 2349 1561 2400 proveniens
1592 2347 1761 2398 oportuit

430 2429 469 2465 in
518 2427 660 2463 iubileo
705 2425 826 2462 redire
875 2423 923 2460 ad
971 2423 1173 2460 dominum
1225 2427 1527 2467 consecrantem,
1567 2426 1608 2456 ut
1657 2424 1760 2468 patet

431 2497 590 2535 Levitici
633 2505 693 2544 27,
733 2496 798 2532 ubi
837 2501 965 2531 textus
1004 2493 1198 2542 allegatur.
1274 2491 1446 2529 Gentiles
1485 2502 1575 2528 vero
1613 2488 1758 2527 domini
1772 2495 1962 2529 Lev.xxvii.

431 2576 469 2607 et
502 2567 719 2618 specialiter
752 2565 890 2615 anglici
923 2577 1004 2602 non
1038 2564 1180 2601 habent
1218 2562 1280 2600 tali
1317 2562 1398 2599 iure
1431 2561 1658 2599 hereditario
1693 2559 1759 2597 sed
1774 2551 1823 2581 ²4·

433 2646 647 2690 conquestu
680 2637 739 2675 vel
777 2636 1046 2674 comutacione
1094 2633 1294 2683 multiplici
1333 2640 1452 2670 terras
1491 2644 1590 2669 suas,
1665 2630 1760 2668 Ideo

433 2710 543 2748 valde
592 2709 759 2746 alienum
798 2707 946 2744 videtur
987 2717 1055 2743 eos
1100 2704 1150 2742 ad
1198 2704 1308 2741 istam
1358 2703 1483 2752 legem
1531 2701 1759 2750 restringere

434 2794 503 2832 per
537 2781 664 2818 locum
703 2791 726 2816 a
758 2785 838 2816 tam
877 2777 981 2814 nuda
1019 2783 1057 2813 et
1095 2774 1336 2812 insufficienti
1374 2773 1626 2811 similitudine.
1685 2771 1759 2809 Sed

435 2851 592 2889 ulterius
629 2849 777 2888 videtur
813 2847 906 2885 mihi
945 2845 1049 2896 quod
1093 2857 1171 2883 non
1216 2844 1343 2881 omnis
1392 2844 1475 2881 talis
1524 2843 1662 2880 domus
1701 2841 1758 2878 vel
1772 2860 1811 2892 35

955 2927 964 2946 ¹
987 2937 1047 2959 om.
1063 2925 1192 2966 nostris,
1209 2931 1245 2957 Α.
