2018 3401
676 335 741 368 DE
774 335 969 368 OFFICIO
1001 335 1156 368 REGIS.
1774 336 1795 364 2
1847 346 1849 349 ¹

1804 337 1823 377 xx

1832 336 1852 377 xi

247 439 494 487 donaverant,
509 452 580 479 nec
602 441 760 490 recipiat
779 447 815 478 et
836 440 1049 490 specialiter
1069 440 1106 477 in
1127 439 1283 488 gwerris
1304 438 1435 476 talium
1453 438 1573 476 comi-

28 514 75 545 56
93 522 123 545 c-
246 511 372 558 Uvam,
394 511 462 549 sed
484 510 502 530 *
525 510 662 549 habeat
681 523 767 548 vere
796 510 1016 548 sacerdotes
1039 510 1087 548 ad
1109 522 1244 560 pacem
1269 515 1306 547 et
1326 508 1575 547 concordiam

245 580 510 628 consulentes;
540 582 627 630 quia
643 581 737 618 dum
756 581 916 619 ecclesia
937 581 1083 618 ducitur
1103 593 1172 630 per
1191 580 1404 618 voluntates
1425 586 1572 616 tantum

245 651 470 701 temporalia
490 652 682 701 sapientes
709 663 867 690 necesse
893 658 950 689 est
973 651 1071 688 inter
1095 657 1222 700 partes
1242 651 1322 689 eius
1343 649 1574 688 discordiam

215 727 283 758 5et
314 722 456 760 multos
490 721 564 759 late
596 721 832 759 descendere
866 721 916 759 ad
946 721 1150 759 infernum.
1209 721 1327 758 Sexto
1358 720 1572 758 consuleret
1585 717 1634 749 (νῑ)
1652 717 1727 744 That
1741 727 1782 744 we

1587 758 1661 777 must
1675 758 1722 777 not
1736 751 1842 777 believe

246 791 353 841 quod
387 804 467 829 non
504 791 678 829 credatur
715 792 795 830 istis
833 786 1084 841 pseudocristi
1121 791 1285 840 arguciis
1323 790 1427 841 quod
1466 790 1574 828 liceat
1588 785 1854 844 ξξξβζξξᾞῆζξνωι

1588 852 1630 877 for
1644 852 1690 877 the
1704 852 1800 884 clei-gy

1589 885 1706 911 because
1721 885 1741 910 it
1755 885 1777 911 is
1790 894 1821 911 so

1588 920 1631 945 for
1642 919 1689 945 the
1701 918 1777 951 laity.

245 862 300 900 eis
324 862 466 899 bellare
487 874 534 899 ex
554 861 629 900 hoc
658 862 765 912 quod
791 862 883 899 illud
911 862 997 900 licet
1023 862 1061 899 in
1085 861 1214 899 laicis:
1246 861 1337 911 quia
1364 862 1418 899 sic
1445 861 1575 899 liceret

245 933 300 971 eis
338 933 443 970 abuti
481 934 666 971 uxoribus
704 933 901 980 laicorum,
935 945 1048 982 super
1085 944 1221 970 omnes
1260 932 1379 970 laicos
1418 932 1576 969 civiliter

246 1003 436 1042 dominari
474 1011 511 1042 et
549 1004 761 1054 cuicunque
800 1004 907 1053 operi
940 1003 997 1041 vel
1031 1003 1100 1041 arti
1131 1002 1354 1040 mechanice
1388 1009 1575 1052 tanquam

197 1088 236 1110 10
248 1073 406 1112 seculari
433 1073 644 1112 intendere.
703 1073 779 1111 Sed
806 1086 895 1112 cum
917 1080 1004 1111 sunt
1025 1073 1179 1111 oculus¹
1199 1072 1373 1122 corporis
1402 1073 1574 1117 ecclesie,

246 1143 376 1181 anima
395 1143 520 1193 ipsam
539 1144 737 1182 vivificans
758 1151 795 1182 et
815 1144 922 1181 stella
944 1143 1094 1182 celestis
1114 1143 1236 1193 ipsam
1253 1143 1417 1189 radians,
1435 1143 1577 1180 debent

246 1214 287 1251 in
316 1214 498 1252 limitibus
523 1226 592 1252 suo
619 1215 732 1252 officii
762 1226 801 1252 se
825 1227 985 1260 servare,
1006 1214 1095 1264 quia
1119 1214 1224 1251 aliter
1245 1225 1324 1251 non
1352 1221 1576 1263 superarent

247 1284 420 1323 subditos
436 1285 630 1334 dignitate.
689 1284 787 1331 Quis
803 1285 906 1322 enim
925 1284 1054 1322 credet
1073 1284 1330 1333 preconisanti
1352 1284 1576 1333 dignitatem

247 1367 357 1393 suam
381 1356 421 1392 in
451 1355 521 1394 hiis
552 1367 627 1405 que
658 1355 806 1393 lucrum
833 1361 871 1392 et
897 1354 1087 1392 mundum
1115 1354 1311 1392 sonuerint
1341 1355 1407 1392 sed
1437 1355 1475 1391 in
1505 1354 1577 1392 hiis

195 1438 232 1472 15
247 1438 320 1476 que
341 1433 580 1464 concernunt
599 1426 840 1464 honestatem
862 1426 919 1463 sui
935 1426 1048 1463 officii
1062 1431 1099 1463 et
1112 1425 1401 1463 edificacionem
1417 1425 1574 1463 ecclesie

31 1504 68 1535 S.
245 1496 456 1535 secundum
481 1496 584 1546 leges
613 1497 713 1546 regis
741 1496 892 1546 pacifici
921 1496 1178 1534 mutescenti?
1237 1495 1409 1545 Septimo
1438 1508 1575 1534 consu·
1587 1494 1856 1529 (viilThsstthelaity

1589 1535 1661 1554 must
1676 1530 1749 1561 repel
1764 1530 1810 1555 the

245 1567 338 1606 leret
376 1567 535 1605 seculari
569 1579 703 1605 cavere
737 1567 783 1604 de
815 1567 971 1604 fallaciis
1010 1567 1192 1604 anticristi
1231 1567 1372 1616 quibus
1411 1567 1574 1605 consulit
1588 1563 1853 1622 ζῆξζζῃξὴῗξξῖξέᾗξζ

28 1647 110 1678 1¹01.
124 1648 189 1677 181
202 1655 233 1677 a.
245 1649 434 1687 gwerrare
463 1650 532 1687 per
560 1637 633 1675 hoc
663 1638 770 1686 quod
798 1637 940 1675 licitum
970 1644 1027 1674 est
1050 1635 1068 1655 *
1091 1637 1167 1674 vim
1196 1637 1231 1673 vi
1262 1637 1453 1686 repellere,
1485 1650 1573 1675 cum
1588 1629 1853 1695 ffi?}'0}³g³effpg¹ss‡{‡t

1586 1701 1615 1722 to
1627 1697 1659 1722 be
1672 1696 1808 1723 imitated.

245 1708 364 1746 bestie
384 1714 421 1745 et
442 1708 650 1746 inanimata
670 1720 830 1758 corpora
849 1707 942 1745 illud
963 1714 1093 1757 agunt.
1151 1707 1306 1745 Debent
1325 1709 1427 1745 enim
1449 1709 1575 1758 primo

29 1789 127 1821 Matt.
144 1788 200 1820 xii.
246 1778 446 1816 intendere
486 1779 746 1817 imitacionem
789 1778 888 1827 regis
931 1778 1079 1827 pacifici
1127 1778 1174 1815 de
1218 1790 1297 1828 quo
1343 1778 1479 1816 Matth.
1529 1792 1572 1816 12

32 1833 149 1864 18-21.

32 1874 232 1917 (1531'1-4.)
247 1849 442 1887 scribitur:
472 1848 569 1886 Ecce
590 1856 684 1898 puer
704 1861 801 1886 meus
829 1849 956 1886 electus
978 1862 1080 1897 quem
1106 1849 1207 1897 elegi,
1230 1850 1379 1886 dz'leclus
1406 1862 1514 1896 meus,
1537 1852 1576 1886 2'12

246 1933 315 1969 quo
341 1919 422 1957 bene
447 1920 667 1968 complacuit
690 1921 811 1956 anime
836 1932 916 1957 mee.
973 1918 1120 1956 Ponam
1142 1921 1314 1969 spz'rz'lzmz
1337 1933 1450 1957 meum
1470 1928 1578 1969 super

247 2002 338 2035 eum,
369 1994 403 2026 el
432 1990 611 2027 iudicium
639 1989 810 2038 genlz'bus
841 1990 1059 2027 nuncciabz‘l.
1126 1989 1216 2027 lVon
1247 1991 1437 2036 contenda,
1470 2003 1580 2039 neque

249 2060 433 2106 clamabit,
455 2072 562 2108 neque
581 2061 718 2109 aliquis
737 2060 862 2097 audz'el
879 2061 918 2097 z‘n
929 2060 1064 2108 plateis
1083 2072 1199 2097 vocem
1219 2062 1296 2097 eius
1308 2073 1327 2103 ;
1357 2062 1576 2097 arundinem

197 2147 212 2168 2
218 2146 235 2179 5
250 2135 462 2178 quassatam
483 2142 554 2167 non
574 2131 794 2180 consrz‘ngel,
824 2135 858 2166 el
877 2131 1020 2179 [sgnum
1032 2131 1242 2180 ficmz'gans
1267 2143 1338 2167 non
1364 2133 1576 2179 exlmgwet,

248 2202 356 2237 donec
375 2201 529 2237 eiciatur
547 2201 601 2236 ad
616 2201 807 2237 victoriam
828 2201 1015 2238 iudicium.
1071 2199 1129 2237 Et
1150 2202 1189 2237 in
1205 2202 1347 2237 nomine
1365 2202 1441 2238 εἴας
1455 2206 1578 2250 gemes

246 2270 453 2320 sperabunt.
509 2268 629 2319 (Ecce
666 2271 792 2319 primo
831 2270 1032 2320 quomodo
1062 2271 1341 2320 predestinatus
1373 2271 1445 2308 Dei
1475 2271 1572 2308 filius
1588 2280 1725 2340 ffifissesqu
1763 2316 1777 2340 S

247 2341 385 2390 plenus
405 2340 534 2389 gracia
561 2340 757 2378 ordinatus
784 2347 840 2377 est
866 2352 996 2389 regere
1023 2348 1156 2389 gentes
1187 2353 1256 2379 suo
1282 2342 1422 2379 iudicio
1443 2354 1573 2379 exem-
1622 2321 1732 2340 mm
1748 2324 1757 2339 ¹
1780 2333 1787 2341 ⁴

248 2410 355 2460 plari.
414 2410 521 2448 Patet
551 2416 593 2447 20
619 2410 818 2460 quomodo
847 2411 1018 2460 quinque
1045 2411 1295 2449 condiciones
1321 2413 1576 2461 superborum

195 2497 236 2529 30
249 2481 512 2518 resistencium
542 2492 621 2518 non
648 2481 718 2517 sibi
740 2480 941 2526 infuerant,
964 2493 1052 2519 cum
1073 2494 1151 2519 non
1173 2482 1371 2520 contendit
1390 2495 1459 2532 pro
1480 2488 1575 2519 tem-

249 2551 444 2601 poralibus
479 2563 550 2589 nec
585 2550 762 2588 clamavit
795 2563 865 2600 pro
900 2551 1010 2588 illatis
1042 2552 1237 2599 molestiis,
1271 2565 1341 2591 nec
1372 2553 1409 2589 in
1441 2553 1576 2602 plateis

248 2627 482 2670 conquestus
515 2627 571 2658 est
603 2620 650 2657 de
679 2621 756 2658 suis
786 2621 941 2667 iniuriis,
974 2621 1040 2658 sed
1070 2622 1121 2659 ita
1152 2623 1310 2671 paciens
1341 2630 1421 2660 erat
1460 2623 1575 2660 seculi

220 2694 228 2701 ⁴
248 2691 484 2740 potentibus,
505 2691 571 2739 qui
601 2696 709 2728 erant
739 2691 886 2728 arundo
915 2699 1093 2740 quassata
1114 2698 1228 2730 vento
1258 2693 1446 2741 superbie,
1469 2693 1576 2742 quod

249 2759 364 2798 nichil
381 2772 538 2798 suorum
554 2761 603 2797 ab
619 2761 673 2797 eis
691 2760 934 2799 dominanter
953 2762 1057 2810 petiit
1070 2760 1093 2808 ²,
1113 2770 1147 2799 et
1162 2775 1240 2812 quo
1262 2763 1309 2799 ad
1331 2763 1522 2812 simplices
1537 2764 1574 2800 in

196 2838 234 2869 35
249 2830 389 2880 quibus
410 2830 476 2867 fuit
498 2831 661 2868 scintilla
682 2832 912 2876 devocionis,
935 2839 975 2869 ut
1006 2832 1149 2881 lignum
1182 2833 1371 2881 fumigans
1401 2846 1478 2871 non
1509 2847 1573 2872 cx—

337 2907 347 2926 ¹
372 2907 444 2938 olus
461 2912 524 2948 pro
543 2908 665 2946 oculus,
684 2917 715 2939 Α.
850 2910 860 2926 ²
886 2910 977 2951 petiit
996 2921 1077 2941 ιονν.
1098 2911 1180 2942 EM.
1195 2916 1255 2951 pro
1271 2912 1385 2952 peccit,
1404 2920 1436 2948 A,
1457 2919 1485 2941 Β.
