2018 3401
667 302 731 335 DE
763 302 956 335 orF1cro
990 301 1148 333 Rnors.
1766 296 1815 337 27
1823 297 1848 339 3

243 406 426 459 mittunt.)
481 406 532 446 Et
554 413 608 456 30,
629 418 747 457 quare
776 419 863 445 cum
892 405 1110 444 differenter
1138 411 1174 443 et
1195 403 1574 455 inproporcionaliter
1587 418 1609 441 3·
1621 408 1695 440 Why
1709 407 1776 440 they
1790 416 1820 433 ςο

1586 442 1738 473 unequally

246 477 433 527 puniunt¹
453 479 677 517 innocentes
706 477 857 526 gravius
885 489 1003 526 quam
1032 476 1119 525 plus
1149 488 1246 513 reos.
1304 475 1403 512 Item
1433 482 1569 511 notum
1586 475 1773 540 gffggzffeem'

246 548 360 586 debet
379 561 461 587 esse
482 548 583 586 fideli
604 560 719 598 quem
739 547 912 597 alloquor
935 547 1040 597 quod
1064 559 1144 585 non
1170 546 1337 583 alliceret
1366 545 1569 582 minimum
1586 559 1610 584 Α
1624 558 1734 584 saithsm
1754 567 1818 583 ,mn

247 631 420 656 scurram
441 619 497 657 sui
517 619 706 656 exercitus
726 618 775 656 ad
796 618 951 667 culpam
980 618 1211 655 levissimam
1236 629 1307 666 pro
1328 615 1572 665 adquirendis
1588 592 1853 650 {issssusscsszfiffisssfflupt

1587 658 1804 689 cnmp-sollower
1816 664 1846 683 to

214 689 318 746 5sibi
352 690 532 727 omnibus
571 689 714 726 diviciis
753 688 865 726 huius
903 688 1048 734 mundi,
1090 687 1158 725 sed
1194 687 1268 725 hoc
1307 685 1574 724 inevitabiliter
1588 691 1855 757 {ifflqlfflssgzjgffles

248 760 435 809 contigit²
454 761 493 796 in
514 759 642 796 multis
668 766 705 797 et
725 759 789 796 in³
809 759 962 809 magnis
992 759 1022 796 si
1053 770 1133 795 non
1164 758 1345 796 omnibus
1375 757 1573 804 utriusque
1587 767 1697 786 amnes·

247 830 449 868 exercitus.
503 830 610 880 Ergo
642 830 889 868 temerarium
918 829 1014 867 foret
1047 841 1118 878 pro
1152 828 1274 866 fructu
1309 834 1388 864 tam
1418 827 1573 865 modico

248 900 460 949 periculum
480 907 558 938 tam
583 901 731 950 grande
760 900 952 937 inducere.
1010 899 1195 945 Perdicio,
1227 899 1398 948 inquam,
1422 899 1495 935 vite
1516 898 1574 934 vel

247 971 442 1009 bonorum
472 977 607 1009 nature
638 971 752 1008 debet
787 982 871 1008 esse
905 970 1095 1007 infinitum
1130 969 1319 1019 fugibilior
1358 970 1504 1007 homini
1538 977 1575 1006 et

194 1075 234 1097 10
248 1041 425 1080 fratribus
454 1053 552 1091 quos
578 1041 691 1079 debet
721 1041 878 1090 diligere
907 1046 948 1078 ut
979 1053 1018 1078 se
1052 1041 1191 1090 ipsum,
1221 1052 1339 1090 quam
1371 1040 1573 1077 frustracio

27 1140 75 1171 55
93 1139 128 1169 d.
246 1111 366 1149 civilis
398 1111 568 1149 dominii.
599 1111 618 1131 *
650 1110 751 1148 Cum
779 1123 872 1160 ergo
896 1111 1087 1148 infinitum
1117 1110 1312 1159 fugibilior
1342 1110 1458 1148 debet
1488 1122 1571 1147 esse
1589 1114 1682 1139 Aswe
1696 1113 1828 1145 oughtto

1590 1147 1692 1172 submit
1710 1153 1738 1172 to
1758 1147 1791 1172 be
1810 1147 1856 1172 de-

247 1182 415 1232 quelibet
447 1181 560 1231 culpa
590 1193 708 1232 quam
740 1182 833 1219 boni
864 1181 1046 1219 naturalis
1080 1181 1259 1231 privacio,
1296 1187 1400 1230 patet
1432 1188 1575 1230 quante
1590 1181 1798 1239 ffiitfffiIOfafldy

1610 1231 1617 1239 1
1675 1232 1682 1239 1
1714 1223 1768 1245 goo

248 1253 495 1302 undiquaque
527 1252 818 1290 accumulantur
843 1251 1005 1290 stulticia
1036 1258 1072 1289 et
1103 1258 1308 1301 peccatum
1338 1252 1377 1288 in
1407 1252 1575 1300 gwerris.
1590 1248 1757 1311 ffiffjrfgfflj
1769 1257 1846 1307 ἔξω·

249 1322 353 1359 Nam
374 1335 396 1359 a
414 1334 511 1372 pace
531 1334 606 1371 que
626 1322 723 1360 foret
743 1323 829 1360 finis
849 1322 1038 1360 bellorum
1058 1335 1127 1372 per
1146 1322 1460 1360 concertaciones
1481 1322 1575 1359 tales
1589 1315 1840 1380 ffiffyfffilfffgjsd

247 1393 434 1431 receditur
460 1400 497 1431 et
525 1393 677 1431 interim
696 1405 745 1431 ex
766 1395 968 1431 amborum
989 1399 1097 1443 parte
1118 1393 1261 1442 duplex
1282 1393 1357 1430 vita
1377 1393 1548 1443 perditur
1565 1406 1574 1439 ;
1590 1382 1701 1409 smum·

195 1430 287 1503 15et
307 1465 359 1502 sic
379 1476 501 1514 genus
531 1463 745 1502 humanum
766 1476 845 1514 quo
875 1464 924 1501 ad
947 1465 1242 1514 prosperitatem
1272 1471 1352 1501 tam
1383 1464 1432 1501 ad
1464 1464 1577 1501 huius

249 1536 323 1573 vite
357 1547 475 1585 quam
508 1535 660 1573 alterius
698 1535 957 1584 multipliciter
994 1535 1198 1584 peioratur.
1256 1535 1447 1572 Ponderet
1485 1547 1578 1584 ergo

250 1606 372 1643 fidelis
392 1605 515 1655 equa4
544 1605 654 1643 lance
683 1605 850 1643 racionis
880 1605 1086 1654 preliorum
1111 1612 1329 1643 nostrorum
1357 1605 1520 1642 fructum
1541 1610 1578 1641 et

250 1677 475 1725 dampnum.
532 1675 629 1713 Item
650 1676 797 1713 videtur
826 1675 932 1724 quod
964 1676 1117 1713 omnis⁵
1137 1675 1255 1713 homo
1278 1676 1391 1713 debet
1421 1675 1578 1712 sufferre
1592 1681 1653 1706 The
1668 1680 1779 1706 faithful

30 1707 74 1738 Ο.
196 1784 237 1807 20
250 1747 459 1796 quemlibet
479 1746 674 1784 volentem
705 1745 881 1784 occidere
912 1752 1068 1795 gentem
1088 1746 1146 1784 vel
1176 1747 1339 1796 patriam
1368 1715 1859 1806 devastare,{offfffiffiffffestff

249 1817 304 1855 sic
333 1816 532 1854 videlicet⁶
560 1816 665 1866 quod
696 1828 776 1854 non
806 1816 869 1854 det
900 1816 1145 1854 occasionem
1177 1817 1226 1854 ad
1260 1817 1417 1855 facinus.
1476 1801 1858 1881 N3111{{es'eyag;l⁹t{¹¹⁷ffiss¹‚d

249 1887 407 1937 quilibet
441 1886 555 1924 debet
588 1898 674 1924 esse
706 1892 786 1923 tam
817 1894 991 1924 maturus
1026 1887 1076 1924 ad
1109 1887 1356 1936 migrandum
1384 1899 1406 1924 a
1435 1887 1576 1932 seculo,

248 1957 355 2007 quod
379 1957 677 1995 translacionem
709 1957 758 1995 ad
789 1958 1066 1995 beatitudinem
1100 1970 1122 1996 a
1151 1958 1305 1995 miseria
1334 1958 1459 2007 capiet
1489 1971 1578 1995 cum

247 2027 390 2077 gaudio
403 2027 428 2064 ⁷.
486 2026 579 2065 Non
609 2039 701 2077 ergo
722 2028 905 2066 violenter
936 2028 1104 2078 inpediet
1133 2040 1366 2078 promovens
1397 2028 1445 2065 ad
1475 2028 1578 2065 bunc

30 2128 128 2160 Rom·
146 2126 213 2158 viii.
248 2099 364 2135 finem
392 2098 530 2147 pocius
559 2110 676 2147 quam
705 2099 879 2136 martires
909 2098 1089 2146 fecerunt,
1111 2111 1200 2137 cum
1229 2099 1435 2136 lz'menlz'bus
1456 2098 1577 2136 Deum

33 2173 85 2204 28.
248 2168 371 2205 omnia
400 2171 640 2216 cooperamur
669 2169 708 2204 in
738 2168 879 2206 bonum.
937 2168 1085 2217 Fugere
1112 2174 1241 2205 autem
1261 2169 1310 2205 ab
1330 2180 1407 2205 una
1428 2169 1577 2205 civitate

248 2238 288 2275 in
309 2237 422 2274 aliam
443 2237 657 2286 precipitur,
678 2237 746 2275 sed
766 2238 938 2275 resistere
959 2220 1123 2276 violente
1154 2250 1233 2275 non
1254 2238 1399 2275 videtur
1420 2239 1576 2274 maturi-

250 2308 382 2346 oribus
413 2307 526 2345 Cristi
558 2307 756 2356 discipulis
788 2308 1004 2346 convenire.
1060 2307 1154 2345 Non
1183 2309 1287 2345 enim
1317 2308 1463 2346 videtur
1493 2308 1577 2346 illos

251 2384 444 2416 servantes
463 2378 661 2416 caritatem
682 2390 795 2428 posse
816 2390 904 2416 cum
924 2378 997 2415 hoc
1019 2378 1187 2416 frustrari
1202 2379 1370 2428 glorioso
1396 2379 1577 2424 martirio,

31 2477 193 2510 F01.180
205 2448 404 2511 ¹³„qualern
434 2449 753 2498 procuracionem
777 2447 794 2467 *
817 2448 980 2498 legimus
1009 2449 1048 2486 in
1077 2450 1191 2487 beato
1212 2449 1381 2487 Martino
1401 2458 1436 2486 et
1458 2449 1579 2486 Bern-

251 2519 384 2557 hardo.
432 2518 525 2556 Non
546 2519 648 2556 enim
665 2518 812 2556 videtur
832 2519 893 2556 dei
915 2519 1122 2568 temptacio
1142 2520 1207 2556 ubi
1228 2532 1307 2557 non
1328 2520 1368 2556 fit
1390 2519 1578 2556 revelacio

252 2589 360 2639 quod
376 2589 461 2640 quis
477 2589 515 2625 in
532 2588 665 2626 futuris
678 2589 881 2638 proficeret
898 2590 1021 2638 magis
1034 2590 1192 2627 ecclesie
1209 2590 1442 2627 intendendo
1456 2590 1578 2626 emin-

252 2660 398 2698 enciori
418 2659 562 2697 caritati
583 2665 703 2697 totam
724 2671 833 2709 spem
855 2661 892 2697 in
906 2660 981 2698 deo
1001 2672 1157 2709 ponere.
1201 2660 1304 2707 Quia
1324 2667 1453 2698 tamen
1476 2661 1578 2698 credi

295 2774 306 2792 ¹
330 2773 469 2815 punierit
485 2778 549 2815 pro
572 2774 722 2815 puniunt,
738 2783 769 2805 A.
888 2773 900 2790 ²
923 2775 1083 2816 contingit
1100 2779 1163 2816 pro
1187 2775 1336 2816 contigit,
1356 2783 1386 2806 Β.
1497 2775 1508 2793 ⁸
1533 2775 1576 2812 in,

250 2837 310 2858 om.
330 2833 360 2856 Β.
451 2826 461 2843 ¹
485 2835 502 2857 e
517 2830 628 2857 contra
644 2830 706 2867 pro
722 2836 815 2867 equa,
836 2833 867 2858 B.
966 2825 977 2843 ⁵
1000 2827 1115 2863 omnis,
1132 2837 1191 2858 om.
1211 2836 1243 2857 Λ.
1356 2827 1367 2844 ‘¹
1390 2827 1470 2857 sieut
1489 2831 1577 2867 patet

245 2882 309 2918 pro
325 2877 370 2909 sic
388 2876 550 2915 videlicet,
568 2884 600 2906 Α.
701 2876 712 2895 '¹
736 2877 849 2918 gladio
866 2882 930 2918 s'2'0
946 2877 1078 2918 gaudio)
1099 2885 1126 2908 B.

901 2945 924 2970 T
