2018 3401
89 318 168 372 138
788 326 852 357 DE
886 325 1085 358 OFFICIO
1119 325 1273 357 REGIS.

363 431 445 470 Leo
482 438 638 482 quartus
670 432 868 482 profitetur
899 431 1167 469 obedienciam
1200 431 1342 477 Cesari,
1366 438 1407 469 ut
1435 436 1538 481 patet
1565 443 1589 468 x
1619 430 1695 467 dis·
1710 439 1841 471 Decret.

84 504 553 542 Agaimitismoretinccione
593 504 632 540 de
669 505 853 553 capilulis,
890 510 929 540 ut
969 503 1106 540 diffuse
1145 503 1319 552 superius
1357 502 1520 540 recitavi.
1595 502 1695 539 Item
1709 482 1782 514 Dm·
1797 493 1868 515 '‘'C‘
1883 493 1914 524 9·

83 542 222 568 excellent
233 548 262 567 to

83 576 316 641 ffgngbflgndbffffi
365 575 620 613 excellencior
640 582 696 613 est
717 575 780 612 illa
801 582 969 624 potestas
990 586 1064 624 que
1085 574 1199 612 habet
1220 575 1408 624 imperare
1429 574 1487 611 vel
1509 573 1696 610 mandare

83 643 299 709 ffifflggsssffigf
363 658 481 696 quam
513 653 571 685 est
604 653 776 696 potestas
805 659 880 696 que
911 652 1060 684 tenetur
1095 645 1144 683 ad
1175 645 1247 683 hoc
1279 645 1500 682 humanitus
1526 645 1696 689 obedire,

81 710 455 772 fflffissgssffiffissffgseffl
485 724 657 767 potestas
686 718 918 767 episcopalis
956 724 1105 754 tenetur
1143 717 1363 754 humanitus
1398 716 1555 754 obedire
1593 715 1728 765 regie5

81 783 111 804 ²⁰
125 777 255 812 B³S¹¹⁰p⁵·
364 790 556 839 potestati,
579 801 660 827 non
690 789 742 826 sic
763 801 783 826 e
803 795 948 836 contra,
973 801 1065 837 ergo
1094 795 1264 838 potestas
1296 788 1433 837 regalis
1465 794 1522 826 est
1548 788 1597 825 ad
1622 787 1696 825 hoc

360 861 610 911 prestancior.
686 860 772 897 Rex
812 861 928 907 enim,
969 872 1058 897 cum
1097 860 1161 897 dat
1208 861 1392 909 episcopo
1432 872 1502 897 suo
1545 860 1695 909 largum

360 934 593 983 stipendium
627 932 676 970 ad
714 932 993 981 perficiendum
1034 943 1146 969 suum
1185 932 1365 992 officium,
1400 931 1548 969 videtur
1588 931 1695 981 quod

359 1005 476 1042 habet
497 1011 727 1054 potestatem
746 1004 981 1053 precipiendi
997 1004 1270 1042 execucionem
1290 1003 1389 1040 illius
1410 1003 1534 1041 officii.
1591 1002 1694 1040 Cum

361 1077 476 1126 igitur
495 1076 703 1125 episcopus
725 1076 771 1113 sit
792 1076 935 1113 iuratus
965 1075 1087 1124 legius
1118 1075 1228 1124 regis,
1251 1075 1442 1124 obligatus
1470 1074 1694 1111 humanitus
1710 1087 1750 1108 10

361 1147 586 1197 impendere
611 1147 692 1196 regi
723 1146 936 1192 servicium,
963 1146 1111 1183 videtur
1140 1146 1246 1195 quod
1275 1146 1423 1182 nullum
1454 1145 1696 1194 impenderet

360 1219 621 1268 pertinencius
644 1217 662 1237 '¹‘
685 1231 803 1268 quam
824 1217 1058 1267 complendo
1088 1218 1136 1255 ad
1165 1217 1376 1267 perfectum
1401 1217 1501 1265 regis
1521 1223 1557 1254 et
1588 1216 1694 1265 regni
1708 1226 1756 1255 30
1774 1234 1804 1256 c.

359 1291 560 1340 proprium
589 1291 670 1327 eius
697 1290 878 1335 officium,
909 1291 958 1328 ad
990 1290 1095 1338 quod
1124 1289 1239 1327 habet
1267 1295 1416 1326 tantum
1447 1289 1692 1337 stipendium.

80 1364 334 1425 ffquggtisstffecan
363 1361 448 1399 Nec
469 1368 623 1399 moveat
644 1361 748 1411 quod
770 1361 951 1398 sacerdos
970 1367 1026 1398 est
1047 1373 1136 1409 rege
1158 1361 1395 1409 prestancior
1420 1372 1468 1397 ex
1493 1359 1566 1397 hoc
1588 1359 1694 1409 quod

81 1433 323 1499 ῗὲξῐζὲζῑξὲῑξὲἒὲἃ
362 1433 517 1471 conficit
542 1432 599 1470 vel
631 1433 818 1470 ministrat
849 1432 1107 1470 ecclesiastica
1136 1438 1388 1475 sacramenta,
1418 1432 1508 1480 quia
1535 1431 1692 1469 maioris
1709 1437 1747 1469 15

80 1501 317 1566 ῗξξῇξζξὸῗιῖᾗξζ
361 1506 561 1556 potestatis
582 1506 788 1543 auctoritas
809 1503 891 1542 est²
910 1517 1118 1554 personam
1146 1505 1339 1553 precipere
1360 1503 1552 1541 conficere
1573 1514 1691 1552 quam

80 1568 310 1634 ξῗὲζὲθρζζζῗξξξς
360 1579 485 1627 ipsam
515 1577 716 1615 conficere.
774 1576 836 1614 Sic
857 1577 960 1614 enim
980 1576 1100 1613 deitas
1122 1576 1291 1624 precepit
1312 1575 1439 1613 Cristo
1469 1574 1691 1611 humanitus

80 1636 207 1667 superior
219 1642 248 1662 to
262 1636 310 1662 the

81 1669 261 1702 celebrating,
277 1680 308 1695 as

81 1702 199 1729 Christ's
210 1704 348 1730 Godhead
671 1720 677 1726 .
725 1720 731 1726 .
761 1719 767 1726 .
932 1719 938 1725 .

80 1742 110 1762 ιο
125 1736 180 1763 His
194 1738 349 1764 Manhood.
361 1720 620 1758 Confirmatur
636 1720 851 1769 triplicrter:
882 1731 1009 1768 prlmo
1028 1731 1095 1768 per
1116 1718 1189 1755 hoc
1211 1718 1317 1767 quod
1333 1718 1530 1755 decretum
1547 1729 1639 1753 xxm
1655 1728 1691 1765 q.
1706 1717 1750 1752 Q„

1705 1776 1839 1806 Decret.

361 1649 563 1695 conficere,
582 1656 618 1686 et
634 1656 764 1686 tamen
779 1649 859 1697 ipsa
873 1648 993 1685 deitas
1009 1659 1090 1684 non
1104 1647 1229 1696 potuit
1242 1647 1433 1685 conficere
1453 1645 1471 1665 *
1489 1646 1547 1683 vel
1561 1645 1691 1683 mori³.
1705 1648 1860 1677 F01.142
1873 1649 1908 1678 b.

79 1803 149 1829 This
162 1803 269 1863 νῑεκὲῑέ
311 1838 328 1863 h
361 1798 414 1839 va,
440 1791 517 1828 Res
539 1804 667 1836 omnes,
688 1790 871 1840 premittit
899 1790 1166 1827 auctoritatem
1197 1789 1365 1838 regalem
1395 1789 1434 1825 in
1464 1788 1690 1825 defensione
1703 1819 1909 1859 c.xxur.Q.

80 1844 348 1930 {ssfississipapydtbg
364 1876 489 1900 rerum
537 1862 696 1900 ecclesie
735 1875 810 1911 que
849 1861 898 1898 ad
939 1862 1107 1898 divinam
1155 1860 1441 1899 confessionem
1489 1860 1690 1909 pertinent.
1705 1874 1734 1894 v.
1749 1872 1847 1912 92¹·

79 1911 321 1999 ἓξὲξέξὲέὲιὲξ
363 1933 541 1970 Similiter
561 1933 600 1970 II
621 1946 656 1982 q.
676 1933 724 1969 vii
739 1932 824 1970 IVos
842 1934 880 1969 si
902 1934 1175 1981 incompetenter
1205 1960 1211 1967 .
1244 1961 1250 1968 .
1282 1961 1289 1969 .
1320 1931 1405 1967 Due
1430 1936 1519 1967 sunl
1536 1938 1692 1979 persone
1705 1906 1909 1990 ἓιὲᾗῌῒὲ]

239 1982 257 2006 p
324 1993 329 1998 ¹
359 2005 489 2053 quibus
527 2005 684 2041 mundus
722 2005 787 2040 isle
824 2005 979 2053 regitur,
1020 2004 1157 2051 regalss
1194 2003 1332 2039 scz'le'cel
1366 2007 1400 2038 el
1442 2002 1688 2038 sacerdotalis.

359 2075 444 2113 Nec
464 2075 562 2112 valet
583 2075 710 2113 dicere
741 2075 845 2124 quod
865 2075 980 2111 verba
1010 2081 1114 2111 tante
1144 2073 1238 2123 legis
1269 2074 1322 2110 sic
1351 2073 1578 2111 ordinantur
1608 2072 1688 2109 sine

360 2147 543 2193 misterio,
575 2146 629 2184 sic
661 2147 765 2183 enim
796 2146 965 2195 arguitur
995 2145 1151 2182 Petrum
1181 2157 1265 2182 esse
1289 2151 1404 2193 caput
1428 2144 1613 2181 ecclesie4
1640 2156 1687 2180 ex
1705 2151 1743 2182 25

357 2219 423 2256 tali
455 2218 726 2268 supposicione
755 2217 934 2254 nominis.
994 2216 1172 2253 Similiter
1195 2228 1297 2266 papa
1326 2215 1508 2265 premittit
1541 2227 1687 2252 nomen

361 2290 607 2339 imperatoris
651 2289 854 2327 scribendo
894 2289 965 2326 sibi
1013 2288 1226 2338 epistolam,
1275 2287 1407 2325 codice
1456 2288 1497 2324 de
1541 2299 1687 2324 summa

358 2361 548 2397 trz'nz‘lalfi
568 2365 601 2398 el
616 2362 697 2410 fide
716 2361 906 2406 calholl'ca‚
937 2360 976 2397 in
1004 2359 1191 2409 principio
1217 2359 1315 2397 illius
1339 2358 1512 2407 epistole,
1545 2358 1688 2395 ‘Inter-

358 2431 501 2468 clusas!
542 2431 826 2478 Glorfflsissimo,
845 2431 979 2481 inquit,
994 2435 1028 2467 el
1039 2432 1310 2467 clementissimo
1322 2429 1534 2466 Iuslz'nz'ano
1548 2428 1687 2466 Iohan-

358 2515 430 2549 nes,
452 2504 636 2551 episcopus
656 2503 760 2539 urbis
779 2501 907 2547 Rome,
929 2509 966 2538 et
995 2502 1159 2539 eandem
1189 2501 1353 2538 formam
1383 2500 1498 2537 habet
1527 2500 1686 2549 epistola
1701 2504 1744 2536 30

358 2574 604 2624 Imperatoris
626 2573 674 2611 ad
695 2586 851 2622 papam.
900 2572 1015 2619 Λόία,
1037 2573 1160 2622 inquit
1189 2572 1317 2621 glossa
1329 2571 1352 2617 ⁶,
1376 2571 1481 2620 quod
1501 2571 1685 2620 premittit

358 2644 634 2694 Imperatorem,
655 2644 761 2694 quod
779 2644 892 2682 hodie
912 2655 992 2682 non
1012 2643 1162 2689 faceret,
1183 2649 1221 2680 et
1243 2648 1372 2679 tamen
1393 2642 1551 2680 forsitan
1580 2648 1686 2680 tanta

79 2709 346 2776 {Ju‘iffir'ifssffistbe
361 2716 522 2754 caussa⁷
556 2717 698 2753 subest.
755 2715 853 2753 Item
886 2715 944 2752 vel
978 2721 1128 2764 oportet
1158 2714 1240 2751 illas
1268 2720 1476 2762 potestates
1506 2726 1553 2751 ex
1582 2725 1685 2762 equo

404 2821 413 2840 ¹
445 2822 548 2853 Verba
571 2822 626 2853 sed
651 2827 797 2863 potestas
820 2832 870 2863 ep.
889 2827 952 2853 ten.
971 2821 1059 2851 hum.
1079 2820 1221 2854 obedire,
1237 2830 1298 2850 om.
1317 2827 1350 2851 A.
1475 2818 1487 2835 ²
1510 2818 1686 2850 auctoritas

357 2879 413 2911 est,
435 2885 495 2905 om.
512 2883 546 2905 A.
658 2874 670 2891 ³
694 2874 820 2909 maiori.
838 2882 872 2904 A.
984 2872 995 2890 ⁴
1017 2882 1084 2903 esse
1101 2877 1164 2912 pro
1180 2871 1326 2908 ecclesie,
1344 2878 1376 2901 A.
1488 2871 1500 2889 ⁵
1523 2870 1685 2902 sentencia

356 2927 520 2964 trinitatis,
539 2934 570 2957 Β.
660 2928 671 2943 ‘³
693 2926 809 2967 gloria,
828 2934 859 2955 A.
950 2923 961 2940 ⁷
986 2935 1058 2956 cum
1077 2928 1139 2964 pro
1161 2933 1282 2960 caussa,
1303 2931 1336 2953 A.
