<?xml version="1.0" encoding="UTF-8"?>
<!DOCTYPE html PUBLIC "-//W3C//DTD XHTML 1.0 Transitional//EN"
    "http://www.w3.org/TR/xhtml1/DTD/xhtml1-transitional.dtd">
<html xmlns="http://www.w3.org/1999/xhtml" xml:lang="en" lang="en">
 <head>
  <title>
</title>
<meta http-equiv="Content-Type" content="text/html;charset=utf-8" />
  <meta name='ocr-system' content='tesseract 3.04.00' />
  <meta name='ocr-capabilities' content='ocr_page ocr_carea ocr_par ocr_line ocrx_word'/>
</head>
<body>
  <div class='ocr_page' id='page_1' title='image "./iohanniswycliftr08wycl/iohanniswycliftr08wycl_0261.png"; bbox 0 0 2018 3401; ppageno 0'>
   <div class='ocr_carea' id='block_1_1' title="bbox 668 309 1845 352">
    <p class='ocr_par' dir='ltr' id='par_1_1' title="bbox 668 309 1845 352">
     <span class='ocr_line' id='line_1_1' title="bbox 668 309 1845 352; baseline 0 -9"><span class='ocrx_word' id='word_1_1' title='bbox 668 313 731 343; x_wconf 82' lang='lat' dir='ltr'>DE</span> <span class='ocrx_word' id='word_1_2' title='bbox 764 311 959 343; x_wconf 86' lang='lat' dir='ltr'>OFFICIO</span> <span class='ocrx_word' id='word_1_3' title='bbox 993 309 1149 341; x_wconf 79' lang='lat' dir='ltr'><strong>REGIS.</strong></span> <span class='ocrx_word' id='word_1_4' title='bbox 1766 309 1845 352; x_wconf 82' lang='lat'>225</span> 
     </span>
    </p>
   </div>
   <div class='ocr_carea' id='block_1_2' title="bbox 244 414 1570 538">
    <p class='ocr_par' dir='ltr' id='par_1_2' title="bbox 244 414 1570 538">
     <span class='ocr_line' id='line_1_2' title="bbox 244 414 1570 466; baseline -0.003 -12"><span class='ocrx_word' id='word_1_5' title='bbox 244 416 359 454; x_wconf 89' lang='lat' dir='ltr'>vitam</span> <span class='ocrx_word' id='word_1_6' title='bbox 382 417 564 466; x_wconf 85' lang='lat' dir='ltr'>operibus</span> <span class='ocrx_word' id='word_1_7' title='bbox 584 416 736 463; x_wconf 85' lang='lat' dir='ltr'>credite,</span> <span class='ocrx_word' id='word_1_8' title='bbox 757 428 835 466; x_wconf 89' lang='lat' dir='ltr'>quo</span> <span class='ocrx_word' id='word_1_9' title='bbox 856 415 905 454; x_wconf 90' lang='lat' dir='ltr'>ad</span> <span class='ocrx_word' id='word_1_10' title='bbox 934 415 1117 452; x_wconf 87' lang='lat' dir='ltr'>mandata</span> <span class='ocrx_word' id='word_1_11' title='bbox 1138 414 1196 452; x_wconf 87' lang='lat' dir='ltr'>vel</span> <span class='ocrx_word' id='word_1_12' title='bbox 1216 414 1320 463; x_wconf 87' lang='lat' dir='ltr'>leges</span> <span class='ocrx_word' id='word_1_13' title='bbox 1343 414 1570 463; x_wconf 85' lang='lat' dir='ltr'>scripturam</span> 
     </span>
     <span class='ocr_line' id='line_1_3' title="bbox 244 484 1570 538; baseline -0.002 -14"><span class='ocrx_word' id='word_1_14' title='bbox 244 487 443 533; x_wconf 89' lang='lat' dir='ltr'>consulite,</span> <span class='ocrx_word' id='word_1_15' title='bbox 465 494 502 525; x_wconf 91' lang='lat' dir='ltr'>et</span> <span class='ocrx_word' id='word_1_16' title='bbox 522 499 599 538; x_wconf 91' lang='lat' dir='ltr'>quo</span> <span class='ocrx_word' id='word_1_17' title='bbox 626 487 674 524; x_wconf 86' lang='lat' dir='ltr'>ad</span> <span class='ocrx_word' id='word_1_18' title='bbox 697 487 820 523; x_wconf 89' lang='lat' dir='ltr'>bullas</span> <span class='ocrx_word' id='word_1_19' title='bbox 851 486 993 524; x_wconf 87' lang='lat' dir='ltr'>famam</span> <span class='ocrx_word' id='word_1_20' title='bbox 1014 492 1050 522; x_wconf 92' lang='lat' dir='ltr'>et</span> <span class='ocrx_word' id='word_1_21' title='bbox 1069 484 1169 523; x_wconf 87' lang='lat' dir='ltr'>facta</span> <span class='ocrx_word' id='word_1_22' title='bbox 1199 497 1364 534; x_wconf 83' lang='lat' dir='ltr'>persone</span> <span class='ocrx_word' id='word_1_23' title='bbox 1385 485 1570 534; x_wconf 84' lang='lat' dir='ltr'><strong>respicite.</strong></span> 
     </span>
    </p>
   </div>
   <div class='ocr_carea' id='block_1_3' title="bbox 27 555 1838 619">
    <p class='ocr_par' dir='ltr' id='par_1_3' title="bbox 27 555 1838 619">
     <span class='ocr_line' id='line_1_4' title="bbox 27 555 1838 619; baseline -0.001 -25"><span class='ocrx_word' id='word_1_24' title='bbox 27 564 58 596; x_wconf 90' lang='lat'>1.</span> <span class='ocrx_word' id='word_1_25' title='bbox 245 557 462 606; x_wconf 88' lang='lat' dir='ltr'>Tripliciter</span> <span class='ocrx_word' id='word_1_26' title='bbox 495 565 622 595; x_wconf 88' lang='lat' dir='ltr'>autern</span> <span class='ocrx_word' id='word_1_27' title='bbox 658 557 845 606; x_wconf 86' lang='lat' dir='ltr'>contingit</span> <span class='ocrx_word' id='word_1_28' title='bbox 884 556 1008 594; x_wconf 87' lang='lat' dir='ltr'>bullas</span> <span class='ocrx_word' id='word_1_29' title='bbox 1038 568 1138 605; x_wconf 90' lang='lat' dir='ltr'>pape</span> <span class='ocrx_word' id='word_1_30' title='bbox 1173 555 1361 594; x_wconf 84' lang='lat' dir='ltr'>falsificari</span> <span class='ocrx_word' id='word_1_31' title='bbox 1395 555 1453 593; x_wconf 89' lang='lat' dir='ltr'>vel</span> <span class='ocrx_word' id='word_1_32' title='bbox 1487 567 1569 593; x_wconf 85' lang='lat' dir='ltr'>esse</span> <span class='ocrx_word' id='word_1_33' title='bbox 1583 560 1663 619; x_wconf 41' lang='lat' dir='ltr'>{3311th</span> <span class='ocrx_word' id='word_1_34' title='bbox 1672 559 1838 619; x_wconf 44' lang='lat' dir='ltr'>Qaffi&#39;ssein&#39;</span> 
     </span>
    </p>
   </div>
   <div class='ocr_carea' id='block_1_4' title="bbox 214 625 1852 746">
    <p class='ocr_par' dir='ltr' id='par_1_4' title="bbox 214 625 1852 746">
     <span class='ocr_line' id='line_1_5' title="bbox 245 625 1715 678; baseline -0.003 -13"><span class='ocrx_word' id='word_1_35' title='bbox 245 627 450 665; x_wconf 82' lang='lat' dir='ltr'>invalidas:</span> <span class='ocrx_word' id='word_1_36' title='bbox 493 628 617 678; x_wconf 88' lang='lat' dir='ltr'>primo</span> <span class='ocrx_word' id='word_1_37' title='bbox 648 640 695 664; x_wconf 89' lang='lat' dir='ltr'>ex</span> <span class='ocrx_word' id='word_1_38' title='bbox 724 627 798 665; x_wconf 90' lang='lat' dir='ltr'>hoc</span> <span class='ocrx_word' id='word_1_39' title='bbox 826 626 932 677; x_wconf 87' lang='lat' dir='ltr'>quod</span> <span class='ocrx_word' id='word_1_40' title='bbox 961 633 1068 676; x_wconf 88' lang='lat' dir='ltr'>pater</span> <span class='ocrx_word' id='word_1_41' title='bbox 1097 625 1288 663; x_wconf 87' lang='lat' dir='ltr'>mendacii</span> <span class='ocrx_word' id='word_1_42' title='bbox 1317 626 1454 663; x_wconf 84' lang='lat' dir='ltr'>excitat</span> <span class='ocrx_word' id='word_1_43' title='bbox 1484 637 1569 674; x_wconf 86' lang='lat' dir='ltr'>per·</span> <span class='ocrx_word' id='word_1_44' title='bbox 1583 627 1715 659; x_wconf 66' lang='lat' dir='ltr'>grounds·</span> 
     </span>
     <span class='ocr_line' id='line_1_6' title="bbox 214 686 1852 746; baseline -0.002 -10"><span class='ocrx_word' id='word_1_45' title='bbox 214 705 361 736; x_wconf 86' lang='lat' dir='ltr'>5sonas</span> <span class='ocrx_word' id='word_1_46' title='bbox 399 698 586 736; x_wconf 90' lang='lat' dir='ltr'>inhabiles</span> <span class='ocrx_word' id='word_1_47' title='bbox 625 704 665 735; x_wconf 89' lang='lat' dir='ltr'>ut</span> <span class='ocrx_word' id='word_1_48' title='bbox 704 696 971 746; x_wconf 85' lang='lat' dir='ltr'>impetrandol</span> <span class='ocrx_word' id='word_1_49' title='bbox 1011 697 1202 745; x_wconf 82' lang='lat' dir='ltr'>decipiant</span> <span class='ocrx_word' id='word_1_50' title='bbox 1240 709 1280 733; x_wconf 90' lang='lat' dir='ltr'>se</span> <span class='ocrx_word' id='word_1_51' title='bbox 1326 703 1363 734; x_wconf 90' lang='lat' dir='ltr'>et</span> <span class='ocrx_word' id='word_1_52' title='bbox 1400 686 1735 746; x_wconf 55' lang='lat' dir='ltr'>papam-¹*Bythe</span> <span class='ocrx_word' id='word_1_53' title='bbox 1755 686 1852 712; x_wconf 47' lang='lat' dir='ltr'>dmi*</span> 
     </span>
    </p>
   </div>
   <div class='ocr_carea' id='block_1_5' title="bbox 1560 719 1852 813">
    <p class='ocr_par' dir='ltr' id='par_1_5' title="bbox 1560 719 1852 813">
     <span class='ocr_line' id='line_1_7' title="bbox 1560 719 1797 752; baseline -0.004 -6"><span class='ocrx_word' id='word_1_54' title='bbox 1560 725 1569 742; x_wconf 81' lang='lat'>²</span> <span class='ocrx_word' id='word_1_55' title='bbox 1584 719 1748 752; x_wconf 81' lang='lat' dir='ltr'>instigation</span> <span class='ocrx_word' id='word_1_56' title='bbox 1762 729 1797 745; x_wconf 88' lang='lat' dir='ltr'>an</span> 
     </span>
     <span class='ocr_line' id='line_1_8' title="bbox 1583 754 1852 785; baseline -0.004 -6"><span class='ocrx_word' id='word_1_57' title='bbox 1583 754 1653 779; x_wconf 86' lang='lat' dir='ltr'>unfit</span> <span class='ocrx_word' id='word_1_58' title='bbox 1667 762 1767 785; x_wconf 83' lang='lat' dir='ltr'>person</span> <span class='ocrx_word' id='word_1_59' title='bbox 1787 762 1852 785; x_wconf 77' lang='lat' dir='ltr'>may</span> 
     </span>
     <span class='ocr_line' id='line_1_9' title="bbox 1583 787 1782 813; baseline -0.01 0"><span class='ocrx_word' id='word_1_60' title='bbox 1583 787 1679 813; x_wconf 90' lang='lat' dir='ltr'>obtain</span> <span class='ocrx_word' id='word_1_61' title='bbox 1698 787 1782 812; x_wconf 89' lang='lat' dir='ltr'>them.</span> 
     </span>
    </p>
   </div>
   <div class='ocr_carea' id='block_1_6' title="bbox 244 836 1847 902">
    <p class='ocr_par' dir='ltr' id='par_1_6' title="bbox 244 836 1847 902">
     <span class='ocr_line' id='line_1_10' title="bbox 244 836 1847 902; baseline -0.001 -26"><span class='ocrx_word' id='word_1_62' title='bbox 244 846 402 876; x_wconf 85' lang='lat' dir='ltr'>excecat</span> <span class='ocrx_word' id='word_1_63' title='bbox 423 851 616 876; x_wconf 88' lang='lat' dir='ltr'>summurn</span> <span class='ocrx_word' id='word_1_64' title='bbox 644 839 867 888; x_wconf 88' lang='lat' dir='ltr'>pontificem</span> <span class='ocrx_word' id='word_1_65' title='bbox 893 839 940 876; x_wconf 87' lang='lat' dir='ltr'>ad</span> <span class='ocrx_word' id='word_1_66' title='bbox 968 838 1181 888; x_wconf 88' lang='lat' dir='ltr'>improvide</span> <span class='ocrx_word' id='word_1_67' title='bbox 1209 838 1486 887; x_wconf 89' lang='lat' dir='ltr'>preficiendum</span> <span class='ocrx_word' id='word_1_68' title='bbox 1513 838 1567 874; x_wconf 88' lang='lat' dir='ltr'>in·</span> <span class='ocrx_word' id='word_1_69' title='bbox 1584 836 1847 902; x_wconf 46' lang='lat' dir='ltr'>ss’ffioTfflghtggffion-</span> 
     </span>
    </p>
   </div>
   <div class='ocr_carea' id='block_1_7' title="bbox 196 904 1854 1100">
    <p class='ocr_par' dir='ltr' id='par_1_7' title="bbox 196 904 1854 1100">
     <span class='ocr_line' id='line_1_11' title="bbox 244 904 1777 963; baseline -0.001 -17"><span class='ocrx_word' id='word_1_70' title='bbox 244 909 426 955; x_wconf 90' lang='lat' dir='ltr'>habilem,</span> <span class='ocrx_word' id='word_1_71' title='bbox 448 909 643 947; x_wconf 89' lang='lat' dir='ltr'>credendo</span> <span class='ocrx_word' id='word_1_72' title='bbox 670 909 854 947; x_wconf 88' lang='lat' dir='ltr'>blasfeme</span> <span class='ocrx_word' id='word_1_73' title='bbox 875 909 978 959; x_wconf 87' lang='lat' dir='ltr'>quod</span> <span class='ocrx_word' id='word_1_74' title='bbox 1000 909 1103 946; x_wconf 90' lang='lat' dir='ltr'>nuda</span> <span class='ocrx_word' id='word_1_75' title='bbox 1126 909 1279 946; x_wconf 83' lang='lat' dir='ltr'>bonitas</span> <span class='ocrx_word' id='word_1_76' title='bbox 1301 921 1369 946; x_wconf 87' lang='lat' dir='ltr'>sua</span> <span class='ocrx_word' id='word_1_77' title='bbox 1389 909 1475 946; x_wconf 89' lang='lat' dir='ltr'>licet</span> <span class='ocrx_word' id='word_1_78' title='bbox 1502 921 1572 958; x_wconf 93' lang='lat' dir='ltr'>pro</span> <span class='ocrx_word' id='word_1_79' title='bbox 1585 904 1777 963; x_wconf 48' lang='grc' dir='ltr'>ξιξῇζεῗηᾞῗῖ</span> 
     </span>
     <span class='ocr_line' id='line_1_12' title="bbox 246 970 1853 1045; baseline -0.001 -28"><span class='ocrx_word' id='word_1_80' title='bbox 246 980 475 1018; x_wconf 89' lang='lat' dir='ltr'>sufficiencia</span> <span class='ocrx_word' id='word_1_81' title='bbox 494 980 657 1018; x_wconf 83' lang='lat' dir='ltr'>racionis</span> <span class='ocrx_word' id='word_1_82' title='bbox 671 992 680 1026; x_wconf 85' lang='lat'>;</span> <span class='ocrx_word' id='word_1_83' title='bbox 711 980 829 1018; x_wconf 88' lang='lat' dir='ltr'>tercio</span> <span class='ocrx_word' id='word_1_84' title='bbox 853 993 900 1017; x_wconf 86' lang='lat' dir='ltr'>ex</span> <span class='ocrx_word' id='word_1_85' title='bbox 926 980 1000 1018; x_wconf 93' lang='lat' dir='ltr'>hoc</span> <span class='ocrx_word' id='word_1_86' title='bbox 1025 979 1130 1029; x_wconf 89' lang='lat' dir='ltr'>quod</span> <span class='ocrx_word' id='word_1_87' title='bbox 1152 991 1337 1017; x_wconf 85' lang='lat' dir='ltr'>mamona</span> <span class='ocrx_word' id='word_1_88' title='bbox 1364 979 1572 1028; x_wconf 84' lang='lat' dir='ltr'>iniquitatis</span> <span class='ocrx_word' id='word_1_89' title='bbox 1585 970 1853 1045; x_wconf 42' lang='grc' dir='ltr'>ἃρῐέῗζῗῖῗέἐῐωῃ</span> 
     </span>
     <span class='ocr_line' id='line_1_13' title="bbox 196 1030 1854 1100; baseline -0.001 -15"><span class='ocrx_word' id='word_1_90' title='bbox 196 1063 236 1085; x_wconf 93' lang='lat'>10</span> <span class='ocrx_word' id='word_1_91' title='bbox 248 1057 406 1089; x_wconf 85' lang='lat' dir='ltr'>excecat</span> <span class='ocrx_word' id='word_1_92' title='bbox 434 1051 673 1089; x_wconf 81' lang='lat' dir='ltr'>consiliarios</span> <span class='ocrx_word' id='word_1_93' title='bbox 703 1058 739 1088; x_wconf 89' lang='lat' dir='ltr'>et</span> <span class='ocrx_word' id='word_1_94' title='bbox 764 1051 858 1088; x_wconf 91' lang='lat' dir='ltr'>alios</span> <span class='ocrx_word' id='word_1_95' title='bbox 890 1051 939 1088; x_wconf 88' lang='lat' dir='ltr'>ad</span> <span class='ocrx_word' id='word_1_96' title='bbox 968 1051 1115 1088; x_wconf 88' lang='lat' dir='ltr'>facinus</span> <span class='ocrx_word' id='word_1_97' title='bbox 1144 1057 1404 1100; x_wconf 87' lang='lat' dir='ltr'>procurantes.</span> <span class='ocrx_word' id='word_1_98' title='bbox 1462 1050 1572 1087; x_wconf 88' lang='lat' dir='ltr'>Absit</span> <span class='ocrx_word' id='word_1_99' title='bbox 1586 1030 1748 1084; x_wconf 60' lang='grc' dir='ltr'>ῗῖῖῑηίειυῑῐγ</span> <span class='ocrx_word' id='word_1_100' title='bbox 1763 1051 1854 1077; x_wconf 68' lang='lat' dir='ltr'>blindS</span> 
     </span>
    </p>
   </div>
   <div class='ocr_carea' id='block_1_8' title="bbox 1585 1086 1764 1113">
    <p class='ocr_par' dir='ltr' id='par_1_8' title="bbox 1585 1086 1764 1113">
     <span class='ocr_line' id='line_1_14' title="bbox 1585 1086 1764 1113; baseline -0.017 0"><span class='ocrx_word' id='word_1_101' title='bbox 1585 1086 1764 1113; x_wconf 76' lang='lat' dir='ltr'>counsellors.</span> 
     </span>
    </p>
   </div>
   <div class='ocr_carea' id='block_1_9' title="bbox 248 1121 1850 1328">
    <p class='ocr_par' dir='ltr' id='par_1_9' title="bbox 248 1121 1850 1328">
     <span class='ocr_line' id='line_1_15' title="bbox 248 1121 1836 1173; baseline 0.001 -15"><span class='ocrx_word' id='word_1_102' title='bbox 248 1122 373 1171; x_wconf 84' lang='lat' dir='ltr'>itaque</span> <span class='ocrx_word' id='word_1_103' title='bbox 403 1134 507 1160; x_wconf 89' lang='lat' dir='ltr'>error</span> <span class='ocrx_word' id='word_1_104' title='bbox 531 1135 609 1172; x_wconf 89' lang='lat' dir='ltr'>quo</span> <span class='ocrx_word' id='word_1_105' title='bbox 633 1122 797 1159; x_wconf 88' lang='lat' dir='ltr'>creditur</span> <span class='ocrx_word' id='word_1_106' title='bbox 823 1121 927 1171; x_wconf 89' lang='lat' dir='ltr'>quod</span> <span class='ocrx_word' id='word_1_107' title='bbox 954 1122 984 1158; x_wconf 89' lang='lat' dir='ltr'>si</span> <span class='ocrx_word' id='word_1_108' title='bbox 1014 1122 1200 1171; x_wconf 89' lang='lat' dir='ltr'>episcopo</span> <span class='ocrx_word' id='word_1_109' title='bbox 1235 1133 1304 1159; x_wconf 86' lang='lat' dir='ltr'>suo</span> <span class='ocrx_word' id='word_1_110' title='bbox 1337 1134 1439 1171; x_wconf 84' lang='lat' dir='ltr'>papa</span> <span class='ocrx_word' id='word_1_111' title='bbox 1463 1134 1572 1159; x_wconf 89' lang='lat' dir='ltr'>man-</span> <span class='ocrx_word' id='word_1_112' title='bbox 1588 1136 1690 1173; x_wconf 59' lang='lat' dir='ltr'>Legno</span> <span class='ocrx_word' id='word_1_113' title='bbox 1704 1134 1836 1161; x_wconf 68' lang='lat' dir='ltr'>onethen</span> 
     </span>
     <span class='ocr_line' id='line_1_16' title="bbox 248 1168 1850 1260; baseline -0.002 -30"><span class='ocrx_word' id='word_1_114' title='bbox 248 1193 420 1230; x_wconf 83' lang='lat' dir='ltr'>daverit2</span> <span class='ocrx_word' id='word_1_115' title='bbox 453 1193 746 1230; x_wconf 87' lang='lat' dir='ltr'>excomunicare</span> <span class='ocrx_word' id='word_1_116' title='bbox 774 1192 984 1242; x_wconf 84' lang='lat' dir='ltr'>quemlibet</span> <span class='ocrx_word' id='word_1_117' title='bbox 1010 1199 1050 1230; x_wconf 90' lang='lat' dir='ltr'>ut</span> <span class='ocrx_word' id='word_1_118' title='bbox 1077 1199 1248 1230; x_wconf 90' lang='lat' dir='ltr'>teneatur</span> <span class='ocrx_word' id='word_1_119' title='bbox 1278 1193 1411 1229; x_wconf 79' lang='lat' dir='ltr'>virtute</span> <span class='ocrx_word' id='word_1_120' title='bbox 1442 1192 1573 1230; x_wconf 89' lang='lat' dir='ltr'>obedi·</span> <span class='ocrx_word' id='word_1_121' title='bbox 1587 1168 1850 1260; x_wconf 43' lang='grc' dir='ltr'>ῗςῗὲῗςζὲιὲὗέὲζξῗὲε</span> 
     </span>
     <span class='ocr_line' id='line_1_17' title="bbox 249 1242 1834 1328; baseline -0.002 -27"><span class='ocrx_word' id='word_1_122' title='bbox 249 1264 354 1301; x_wconf 91' lang='lat' dir='ltr'>encie</span> <span class='ocrx_word' id='word_1_123' title='bbox 384 1263 680 1301; x_wconf 83' lang='lat' dir='ltr'>excomunicare</span> <span class='ocrx_word' id='word_1_124' title='bbox 710 1262 956 1300; x_wconf 84' lang='lat' dir='ltr'>conformiter</span> <span class='ocrx_word' id='word_1_125' title='bbox 986 1262 1035 1300; x_wconf 87' lang='lat' dir='ltr'>ad</span> <span class='ocrx_word' id='word_1_126' title='bbox 1066 1262 1302 1300; x_wconf 85' lang='lat' dir='ltr'>mandatum.</span> <span class='ocrx_word' id='word_1_127' title='bbox 1359 1262 1449 1300; x_wconf 93' lang='lat' dir='ltr'>Hoc</span> <span class='ocrx_word' id='word_1_128' title='bbox 1472 1263 1573 1300; x_wconf 89' lang='lat' dir='ltr'>enim</span> <span class='ocrx_word' id='word_1_129' title='bbox 1587 1242 1834 1328; x_wconf 47' lang='grc' dir='ltr'>ἓῖἕξῇυὲῐὲὶῖἒ</span> 
     </span>
    </p>
   </div>
   <div class='ocr_carea' id='block_1_10' title="bbox 30 1332 1827 1383">
    <p class='ocr_par' dir='ltr' id='par_1_10' title="bbox 30 1332 1827 1383">
     <span class='ocr_line' id='line_1_18' title="bbox 30 1332 1827 1383; baseline -0.001 -14"><span class='ocrx_word' id='word_1_130' title='bbox 30 1340 79 1370; x_wconf 83' lang='grc'>46</span> <span class='ocrx_word' id='word_1_131' title='bbox 97 1340 131 1370; x_wconf 89' lang='lat' dir='ltr'>d.</span> <span class='ocrx_word' id='word_1_132' title='bbox 248 1334 343 1371; x_wconf 88' lang='lat' dir='ltr'>foret</span> <span class='ocrx_word' id='word_1_133' title='bbox 363 1335 472 1383; x_wconf 89' lang='lat' dir='ltr'>peius</span> <span class='ocrx_word' id='word_1_134' title='bbox 493 1334 532 1371; x_wconf 92' lang='lat' dir='ltr'>in</span> <span class='ocrx_word' id='word_1_135' title='bbox 552 1346 641 1371; x_wconf 84' lang='lat' dir='ltr'>casu</span> <span class='ocrx_word' id='word_1_136' title='bbox 655 1346 772 1383; x_wconf 87' lang='lat' dir='ltr'>quam</span> <span class='ocrx_word' id='word_1_137' title='bbox 789 1334 1035 1383; x_wconf 85' lang='lat' dir='ltr'>corporaliter</span> <span class='ocrx_word' id='word_1_138' title='bbox 1053 1332 1071 1352; x_wconf 75' lang='lat'>&#39;⁸‘</span> <span class='ocrx_word' id='word_1_139' title='bbox 1087 1345 1127 1370; x_wconf 90' lang='lat' dir='ltr'>se</span> <span class='ocrx_word' id='word_1_140' title='bbox 1145 1334 1271 1383; x_wconf 90' lang='lat' dir='ltr'>ipsum</span> <span class='ocrx_word' id='word_1_141' title='bbox 1284 1334 1342 1371; x_wconf 90' lang='lat' dir='ltr'>vel</span> <span class='ocrx_word' id='word_1_142' title='bbox 1355 1333 1574 1383; x_wconf 84' lang='lat' dir='ltr'>proximum</span> <span class='ocrx_word' id='word_1_143' title='bbox 1589 1336 1644 1361; x_wconf 79' lang='lat' dir='ltr'>and</span> <span class='ocrx_word' id='word_1_144' title='bbox 1659 1336 1705 1361; x_wconf 81' lang='lat' dir='ltr'>the</span> <span class='ocrx_word' id='word_1_145' title='bbox 1719 1334 1827 1367; x_wconf 75' lang='lat' dir='ltr'>exposi-</span> 
     </span>
    </p>
   </div>
   <div class='ocr_carea' id='block_1_11' title="bbox 198 1368 1857 1469">
    <p class='ocr_par' dir='ltr' id='par_1_11' title="bbox 198 1368 1857 1469">
     <span class='ocr_line' id='line_1_19' title="bbox 1588 1368 1857 1395; baseline -0.011 0"><span class='ocrx_word' id='word_1_146' title='bbox 1588 1376 1646 1395; x_wconf 79' lang='lat' dir='ltr'>tion</span> <span class='ocrx_word' id='word_1_147' title='bbox 1660 1369 1748 1394; x_wconf 85' lang='lat' dir='ltr'>ofthe</span> <span class='ocrx_word' id='word_1_148' title='bbox 1763 1368 1857 1394; x_wconf 72' lang='lat' dir='ltr'>saints</span> 
     </span>
     <span class='ocr_line' id='line_1_20' title="bbox 198 1402 1846 1469; baseline -0.002 -28"><span class='ocrx_word' id='word_1_149' title='bbox 198 1417 235 1450; x_wconf 90' lang='lat'>15</span> <span class='ocrx_word' id='word_1_150' title='bbox 251 1416 361 1442; x_wconf 90' lang='lat' dir='ltr'>suum</span> <span class='ocrx_word' id='word_1_151' title='bbox 405 1404 591 1442; x_wconf 89' lang='lat' dir='ltr'>occidere.</span> <span class='ocrx_word' id='word_1_152' title='bbox 661 1404 745 1441; x_wconf 89' lang='lat' dir='ltr'>Nec</span> <span class='ocrx_word' id='word_1_153' title='bbox 790 1411 966 1441; x_wconf 88' lang='lat' dir='ltr'>tenemur</span> <span class='ocrx_word' id='word_1_154' title='bbox 1003 1404 1158 1441; x_wconf 90' lang='lat' dir='ltr'>credere</span> <span class='ocrx_word' id='word_1_155' title='bbox 1199 1404 1305 1454; x_wconf 90' lang='lat' dir='ltr'>quod</span> <span class='ocrx_word' id='word_1_156' title='bbox 1347 1402 1846 1469; x_wconf 43' lang='lat' dir='ltr'>generaliter{ss‘ss&#39;effssssTg‘ssdffl{&lt;,</span> 
     </span>
    </p>
   </div>
   <div class='ocr_carea' id='block_1_12' title="bbox 249 1474 1576 1524">
    <p class='ocr_par' dir='ltr' id='par_1_12' title="bbox 249 1474 1576 1524">
     <span class='ocr_line' id='line_1_21' title="bbox 249 1474 1576 1524; baseline -0.001 -12"><span class='ocrx_word' id='word_1_157' title='bbox 249 1475 474 1513; x_wconf 85' lang='lat' dir='ltr'>obediencia</span> <span class='ocrx_word' id='word_1_158' title='bbox 504 1482 662 1512; x_wconf 81' lang='lat' dir='ltr'>excusat</span> <span class='ocrx_word' id='word_1_159' title='bbox 692 1488 714 1512; x_wconf 91' lang='lat' dir='ltr'>a</span> <span class='ocrx_word' id='word_1_160' title='bbox 743 1475 914 1521; x_wconf 84' lang='lat' dir='ltr'>crimine,</span> <span class='ocrx_word' id='word_1_161' title='bbox 946 1487 1034 1512; x_wconf 90' lang='lat' dir='ltr'>curn</span> <span class='ocrx_word' id='word_1_162' title='bbox 1064 1475 1139 1523; x_wconf 83' lang='lat' dir='ltr'>legi</span> <span class='ocrx_word' id='word_1_163' title='bbox 1160 1474 1233 1512; x_wconf 92' lang='lat' dir='ltr'>Dei</span> <span class='ocrx_word' id='word_1_164' title='bbox 1254 1481 1290 1512; x_wconf 92' lang='lat' dir='ltr'>et</span> <span class='ocrx_word' id='word_1_165' title='bbox 1311 1474 1576 1524; x_wconf 85' lang='lat' dir='ltr'>exposicioni³</span> 
     </span>
    </p>
   </div>
   <div class='ocr_carea' id='block_1_13' title="bbox 246 767 1569 817">
    <p class='ocr_par' dir='ltr' id='par_1_13' title="bbox 246 767 1569 817">
     <span class='ocr_line' id='line_1_22' title="bbox 246 767 1569 817; baseline -0.002 -12"><span class='ocrx_word' id='word_1_166' title='bbox 246 768 416 805; x_wconf 92' lang='lat' dir='ltr'>secundo</span> <span class='ocrx_word' id='word_1_167' title='bbox 462 780 510 805; x_wconf 89' lang='lat' dir='ltr'>ex</span> <span class='ocrx_word' id='word_1_168' title='bbox 555 768 629 806; x_wconf 94' lang='lat' dir='ltr'>hoc</span> <span class='ocrx_word' id='word_1_169' title='bbox 668 768 773 817; x_wconf 87' lang='lat' dir='ltr'>quod</span> <span class='ocrx_word' id='word_1_170' title='bbox 820 780 887 804; x_wconf 85' lang='lat' dir='ltr'>rex</span> <span class='ocrx_word' id='word_1_171' title='bbox 927 780 1041 817; x_wconf 83' lang='lat' dir='ltr'>super</span> <span class='ocrx_word' id='word_1_172' title='bbox 1083 779 1219 806; x_wconf 91' lang='lat' dir='ltr'>omnes</span> <span class='ocrx_word' id='word_1_173' title='bbox 1258 767 1353 804; x_wconf 88' lang='lat' dir='ltr'>filios</span> <span class='ocrx_word' id='word_1_174' title='bbox 1393 767 1569 817; x_wconf 87' lang='lat' dir='ltr'>superbie</span> 
     </span>
    </p>
   </div>
   <div class='ocr_carea' id='block_1_14' title="bbox 248 1545 1577 1594">
    <p class='ocr_par' dir='ltr' id='par_1_14' title="bbox 248 1545 1577 1594">
     <span class='ocr_line' id='line_1_23' title="bbox 248 1545 1577 1594; baseline -0.001 -11"><span class='ocrx_word' id='word_1_175' title='bbox 248 1553 471 1584; x_wconf 86' lang='lat' dir='ltr'>sanctorum</span> <span class='ocrx_word' id='word_1_176' title='bbox 498 1545 545 1582; x_wconf 90' lang='lat' dir='ltr'>de</span> <span class='ocrx_word' id='word_1_177' title='bbox 579 1545 950 1582; x_wconf 87' lang='lat' dir='ltr'>excomunicacione</span> <span class='ocrx_word' id='word_1_178' title='bbox 980 1552 1130 1593; x_wconf 90' lang='lat' dir='ltr'>oportet</span> <span class='ocrx_word' id='word_1_179' title='bbox 1160 1545 1245 1594; x_wconf 90' lang='lat' dir='ltr'>plus</span> <span class='ocrx_word' id='word_1_180' title='bbox 1276 1545 1428 1583; x_wconf 89' lang='lat' dir='ltr'>credere</span> <span class='ocrx_word' id='word_1_181' title='bbox 1459 1557 1577 1594; x_wconf 90' lang='lat' dir='ltr'>quam</span> 
     </span>
    </p>
   </div>
   <div class='ocr_carea' id='block_1_15' title="bbox 247 1615 1846 1683">
    <p class='ocr_par' dir='ltr' id='par_1_15' title="bbox 247 1615 1846 1683">
     <span class='ocr_line' id='line_1_24' title="bbox 247 1615 1846 1666; baseline 0.001 -13"><span class='ocrx_word' id='word_1_182' title='bbox 247 1617 438 1654; x_wconf 86' lang='lat' dir='ltr'>mandatis</span> <span class='ocrx_word' id='word_1_183' title='bbox 468 1628 578 1666; x_wconf 86' lang='lat' dir='ltr'>pape.</span> <span class='ocrx_word' id='word_1_184' title='bbox 636 1616 747 1653; x_wconf 86' lang='lat' dir='ltr'>Absit</span> <span class='ocrx_word' id='word_1_185' title='bbox 780 1622 822 1652; x_wconf 91' lang='lat'>20</span> <span class='ocrx_word' id='word_1_186' title='bbox 854 1616 1009 1653; x_wconf 89' lang='lat' dir='ltr'>credere</span> <span class='ocrx_word' id='word_1_187' title='bbox 1041 1615 1194 1653; x_wconf 91' lang='lat' dir='ltr'>fidelem</span> <span class='ocrx_word' id='word_1_188' title='bbox 1228 1616 1333 1665; x_wconf 89' lang='lat' dir='ltr'>quod</span> <span class='ocrx_word' id='word_1_189' title='bbox 1369 1622 1448 1653; x_wconf 91' lang='lat' dir='ltr'>tam</span> <span class='ocrx_word' id='word_1_190' title='bbox 1478 1615 1846 1665; x_wconf 42' lang='lat' dir='ltr'>peri-(2)Tl‘¹¹f=¹t“³⁵¹5S</span> 
     </span>
     <span class='ocr_line' id='line_1_25' title="bbox 1590 1651 1845 1683; baseline -0.012 -7"><span class='ocrx_word' id='word_1_191' title='bbox 1590 1651 1712 1683; x_wconf 80' lang='lat' dir='ltr'>penlous</span> <span class='ocrx_word' id='word_1_192' title='bbox 1725 1656 1754 1675; x_wconf 86' lang='lat' dir='ltr'>to</span> <span class='ocrx_word' id='word_1_193' title='bbox 1767 1655 1845 1674; x_wconf 68' lang='lat' dir='ltr'>resist</span> 
     </span>
    </p>
   </div>
   <div class='ocr_carea' id='block_1_16' title="bbox 249 1684 1830 1749">
    <p class='ocr_par' dir='ltr' id='par_1_16' title="bbox 249 1684 1830 1749">
     <span class='ocr_line' id='line_1_26' title="bbox 249 1684 1830 1743; baseline -0.001 -19"><span class='ocrx_word' id='word_1_194' title='bbox 249 1687 422 1724; x_wconf 92' lang='lat' dir='ltr'>culosum</span> <span class='ocrx_word' id='word_1_195' title='bbox 462 1687 559 1725; x_wconf 87' lang='lat' dir='ltr'>foret</span> <span class='ocrx_word' id='word_1_196' title='bbox 598 1687 672 1736; x_wconf 84' lang='lat' dir='ltr'>legi</span> <span class='ocrx_word' id='word_1_197' title='bbox 711 1687 837 1736; x_wconf 86' lang='lat' dir='ltr'>papali</span> <span class='ocrx_word' id='word_1_198' title='bbox 873 1687 968 1724; x_wconf 90' lang='lat' dir='ltr'>sicut</span> <span class='ocrx_word' id='word_1_199' title='bbox 1003 1686 1077 1735; x_wconf 86' lang='lat' dir='ltr'>legi</span> <span class='ocrx_word' id='word_1_200' title='bbox 1116 1686 1175 1724; x_wconf 91' lang='lat' dir='ltr'>dei</span> <span class='ocrx_word' id='word_1_201' title='bbox 1204 1687 1378 1724; x_wconf 86' lang='lat' dir='ltr'>resistere</span> <span class='ocrx_word' id='word_1_202' title='bbox 1417 1693 1575 1736; x_wconf 92' lang='lat' dir='ltr'>propter</span> <span class='ocrx_word' id='word_1_203' title='bbox 1588 1684 1830 1743; x_wconf 39' lang='lat' dir='ltr'>§gagatem-</span> 
     </span>
     <span class='ocr_line' id='line_1_27' title="bbox 1613 1726 1788 1749; baseline -0.011 -7"><span class='ocrx_word' id='word_1_204' title='bbox 1613 1739 1617 1742; x_wconf 72' lang='grc'>,</span> <span class='ocrx_word' id='word_1_205' title='bbox 1707 1726 1788 1749; x_wconf 84' lang='lat' dir='ltr'>pope.</span> 
     </span>
    </p>
   </div>
   <div class='ocr_carea' id='block_1_17' title="bbox 198 1757 1828 2088">
    <p class='ocr_par' dir='ltr' id='par_1_17' title="bbox 198 1757 1828 2088">
     <span class='ocr_line' id='line_1_28' title="bbox 198 1757 1577 1807; baseline 0 -13"><span class='ocrx_word' id='word_1_206' title='bbox 198 1768 238 1791; x_wconf 91' lang='lat'>20</span> <span class='ocrx_word' id='word_1_207' title='bbox 250 1758 362 1795; x_wconf 76' lang='lat' dir='ltr'>istam</span> <span class='ocrx_word' id='word_1_208' title='bbox 380 1757 651 1795; x_wconf 86' lang='lat' dir='ltr'>seduccionem</span> <span class='ocrx_word' id='word_1_209' title='bbox 667 1758 774 1806; x_wconf 90' lang='lat' dir='ltr'>quod</span> <span class='ocrx_word' id='word_1_210' title='bbox 795 1757 998 1795; x_wconf 86' lang='lat' dir='ltr'>offendens</span> <span class='ocrx_word' id='word_1_211' title='bbox 1014 1757 1053 1794; x_wconf 92' lang='lat' dir='ltr'>in</span> <span class='ocrx_word' id='word_1_212' title='bbox 1073 1757 1199 1806; x_wconf 87' lang='lat' dir='ltr'>legem</span> <span class='ocrx_word' id='word_1_213' title='bbox 1220 1758 1398 1807; x_wconf 86' lang='lat' dir='ltr'>papalem</span> <span class='ocrx_word' id='word_1_214' title='bbox 1419 1758 1577 1807; x_wconf 90' lang='lat' dir='ltr'>punitur</span> 
     </span>
     <span class='ocr_line' id='line_1_29' title="bbox 255 1828 1578 1878; baseline -0.001 -11"><span class='ocrx_word' id='word_1_215' title='bbox 255 1830 304 1867; x_wconf 90' lang='lat' dir='ltr'>ab</span> <span class='ocrx_word' id='word_1_216' title='bbox 342 1840 389 1866; x_wconf 89' lang='lat' dir='ltr'>eo</span> <span class='ocrx_word' id='word_1_217' title='bbox 429 1828 603 1866; x_wconf 82' lang='lat' dir='ltr'>acerbius</span> <span class='ocrx_word' id='word_1_218' title='bbox 641 1840 758 1877; x_wconf 83' lang='lat' dir='ltr'>quam</span> <span class='ocrx_word' id='word_1_219' title='bbox 801 1828 832 1866; x_wconf 92' lang='lat' dir='ltr'>si</span> <span class='ocrx_word' id='word_1_220' title='bbox 878 1828 1133 1878; x_wconf 85' lang='lat' dir='ltr'>prevaricatus</span> <span class='ocrx_word' id='word_1_221' title='bbox 1178 1829 1352 1867; x_wconf 86' lang='lat' dir='ltr'>restiterit</span> <span class='ocrx_word' id='word_1_222' title='bbox 1394 1829 1578 1866; x_wconf 87' lang='lat' dir='ltr'>mandato</span> 
     </span>
     <span class='ocr_line' id='line_1_30' title="bbox 251 1899 1577 1948; baseline -0.001 -12"><span class='ocrx_word' id='word_1_223' title='bbox 251 1899 409 1945; x_wconf 90' lang='lat' dir='ltr'>domini,</span> <span class='ocrx_word' id='word_1_224' title='bbox 453 1900 506 1936; x_wconf 89' lang='lat' dir='ltr'>sic</span> <span class='ocrx_word' id='word_1_225' title='bbox 545 1899 647 1936; x_wconf 88' lang='lat' dir='ltr'>enim</span> <span class='ocrx_word' id='word_1_226' title='bbox 686 1899 771 1948; x_wconf 89' lang='lat' dir='ltr'>plus</span> <span class='ocrx_word' id='word_1_227' title='bbox 808 1899 944 1936; x_wconf 88' lang='lat' dir='ltr'>timent</span> <span class='ocrx_word' id='word_1_228' title='bbox 987 1899 1126 1936; x_wconf 88' lang='lat' dir='ltr'>subditi</span> <span class='ocrx_word' id='word_1_229' title='bbox 1164 1899 1577 1937; x_wconf 82' lang='lat' dir='ltr'>excomunicacionem</span> 
     </span>
     <span class='ocr_line' id='line_1_31' title="bbox 251 1969 1574 2019; baseline 0 -12"><span class='ocrx_word' id='word_1_230' title='bbox 251 1970 422 2019; x_wconf 89' lang='lat' dir='ltr'>episcopi</span> <span class='ocrx_word' id='word_1_231' title='bbox 463 1982 581 2019; x_wconf 87' lang='lat' dir='ltr'>quam</span> <span class='ocrx_word' id='word_1_232' title='bbox 626 1969 1035 2007; x_wconf 81' lang='lat' dir='ltr'>excomunicacionem</span> <span class='ocrx_word' id='word_1_233' title='bbox 1067 1970 1139 2016; x_wconf 86' lang='lat' dir='ltr'>dei,</span> <span class='ocrx_word' id='word_1_234' title='bbox 1178 1982 1294 2019; x_wconf 84' lang='lat' dir='ltr'>quam</span> <span class='ocrx_word' id='word_1_235' title='bbox 1341 1977 1470 2008; x_wconf 79' lang='lat' dir='ltr'>tamen</span> <span class='ocrx_word' id='word_1_236' title='bbox 1509 1970 1574 2007; x_wconf 93' lang='lat' dir='ltr'>de-</span> 
     </span>
     <span class='ocr_line' id='line_1_32' title="bbox 251 2039 1828 2088; baseline 0.001 -11"><span class='ocrx_word' id='word_1_237' title='bbox 251 2041 386 2077; x_wconf 89' lang='lat' dir='ltr'>bemus</span> <span class='ocrx_word' id='word_1_238' title='bbox 407 2040 560 2077; x_wconf 84' lang='lat' dir='ltr'>credere</span> <span class='ocrx_word' id='word_1_239' title='bbox 580 2039 771 2076; x_wconf 90' lang='lat' dir='ltr'>infinitum</span> <span class='ocrx_word' id='word_1_240' title='bbox 787 2039 872 2088; x_wconf 91' lang='lat' dir='ltr'>plus</span> <span class='ocrx_word' id='word_1_241' title='bbox 889 2052 910 2077; x_wconf 89' lang='lat' dir='ltr'>a</span> <span class='ocrx_word' id='word_1_242' title='bbox 927 2040 1100 2077; x_wconf 88' lang='lat' dir='ltr'>fidelibus</span> <span class='ocrx_word' id='word_1_243' title='bbox 1121 2040 1415 2077; x_wconf 84' lang='lat' dir='ltr'>formidandam.</span> <span class='ocrx_word' id='word_1_244' title='bbox 1464 2040 1625 2079; x_wconf 63' lang='lat' dir='ltr'>Absito)</span> <span class='ocrx_word' id='word_1_245' title='bbox 1639 2047 1714 2072; x_wconf 79' lang='lat' dir='ltr'>That</span> <span class='ocrx_word' id='word_1_246' title='bbox 1728 2055 1768 2072; x_wconf 86' lang='lat' dir='ltr'>we</span> <span class='ocrx_word' id='word_1_247' title='bbox 1781 2055 1828 2072; x_wconf 75' lang='lat' dir='ltr'>are</span> 
     </span>
    </p>
   </div>
   <div class='ocr_carea' id='block_1_18' title="bbox 1590 2080 1846 2106">
    <p class='ocr_par' dir='ltr' id='par_1_18' title="bbox 1590 2080 1846 2106">
     <span class='ocr_line' id='line_1_33' title="bbox 1590 2080 1846 2106; baseline -0.004 -1"><span class='ocrx_word' id='word_1_248' title='bbox 1590 2081 1683 2106; x_wconf 85' lang='lat' dir='ltr'>bound</span> <span class='ocrx_word' id='word_1_249' title='bbox 1698 2086 1726 2106; x_wconf 80' lang='lat' dir='ltr'>to</span> <span class='ocrx_word' id='word_1_250' title='bbox 1740 2080 1846 2105; x_wconf 79' lang='lat' dir='ltr'>believe</span> 
     </span>
    </p>
   </div>
   <div class='ocr_carea' id='block_1_19' title="bbox 199 2110 1826 2178">
    <p class='ocr_par' dir='ltr' id='par_1_19' title="bbox 199 2110 1826 2178">
     <span class='ocr_line' id='line_1_34' title="bbox 199 2110 1826 2178; baseline 0.001 -33"><span class='ocrx_word' id='word_1_251' title='bbox 199 2123 237 2155; x_wconf 85' lang='lat'>²5</span> <span class='ocrx_word' id='word_1_252' title='bbox 254 2118 297 2159; x_wconf 84' lang='lat'>30</span> <span class='ocrx_word' id='word_1_253' title='bbox 319 2111 468 2148; x_wconf 85' lang='lat' dir='ltr'>fidelem</span> <span class='ocrx_word' id='word_1_254' title='bbox 490 2111 643 2148; x_wconf 89' lang='lat' dir='ltr'>credere</span> <span class='ocrx_word' id='word_1_255' title='bbox 668 2110 774 2159; x_wconf 86' lang='lat' dir='ltr'>quod</span> <span class='ocrx_word' id='word_1_256' title='bbox 801 2110 886 2159; x_wconf 88' lang='lat' dir='ltr'>plus</span> <span class='ocrx_word' id='word_1_257' title='bbox 911 2111 1047 2148; x_wconf 86' lang='lat' dir='ltr'>debeat</span> <span class='ocrx_word' id='word_1_258' title='bbox 1075 2111 1177 2148; x_wconf 89' lang='lat' dir='ltr'>credi</span> <span class='ocrx_word' id='word_1_259' title='bbox 1205 2110 1278 2158; x_wconf 79' lang='lat' dir='ltr'>legi</span> <span class='ocrx_word' id='word_1_260' title='bbox 1299 2111 1356 2147; x_wconf 90' lang='lat' dir='ltr'>vel</span> <span class='ocrx_word' id='word_1_261' title='bbox 1385 2111 1575 2148; x_wconf 84' lang='lat' dir='ltr'>mandatis</span> <span class='ocrx_word' id='word_1_262' title='bbox 1587 2114 1826 2178; x_wconf 47' lang='lat' dir='ltr'>issssffpssicffgf‘in</span> 
     </span>
    </p>
   </div>
   <div class='ocr_carea' id='block_1_20' title="bbox 252 2180 1859 2299">
    <p class='ocr_par' dir='ltr' id='par_1_20' title="bbox 252 2180 1859 2299">
     <span class='ocr_line' id='line_1_35' title="bbox 252 2180 1859 2245; baseline -0.001 -27"><span class='ocrx_word' id='word_1_263' title='bbox 252 2181 454 2231; x_wconf 84' lang='lat' dir='ltr'>papalibus</span> <span class='ocrx_word' id='word_1_264' title='bbox 477 2193 593 2230; x_wconf 80' lang='lat' dir='ltr'>quam</span> <span class='ocrx_word' id='word_1_265' title='bbox 621 2181 755 2218; x_wconf 87' lang='lat' dir='ltr'>doceat</span> <span class='ocrx_word' id='word_1_266' title='bbox 779 2181 986 2217; x_wconf 84' lang='lat' dir='ltr'>efficaciter</span> <span class='ocrx_word' id='word_1_267' title='bbox 1003 2193 1094 2232; x_wconf 23' lang='lat' dir='ltr'>Nesse</span> <span class='ocrx_word' id='word_1_268' title='bbox 1122 2181 1352 2218; x_wconf 81' lang='lat' dir='ltr'>racionabile</span> <span class='ocrx_word' id='word_1_269' title='bbox 1382 2194 1429 2218; x_wconf 80' lang='lat' dir='ltr'>ex</span> <span class='ocrx_word' id='word_1_270' title='bbox 1460 2182 1559 2230; x_wconf 89' lang='lat' dir='ltr'>scrip</span> <span class='ocrx_word' id='word_1_271' title='bbox 1591 2180 1859 2245; x_wconf 46' lang='lat' dir='ltr'>{25223552&#39;2323&#39;ture</span> 
     </span>
     <span class='ocr_line' id='line_1_36' title="bbox 253 2250 1699 2299; baseline -0.001 -11"><span class='ocrx_word' id='word_1_272' title='bbox 253 2258 349 2297; x_wconf 85' lang='lat' dir='ltr'>tura,</span> <span class='ocrx_word' id='word_1_273' title='bbox 390 2263 478 2288; x_wconf 88' lang='lat' dir='ltr'>cum</span> <span class='ocrx_word' id='word_1_274' title='bbox 526 2251 742 2288; x_wconf 88' lang='lat' dir='ltr'>secundum</span> <span class='ocrx_word' id='word_1_275' title='bbox 782 2250 1042 2299; x_wconf 84' lang='lat' dir='ltr'>Augustinum</span> <span class='ocrx_word' id='word_1_276' title='bbox 1091 2251 1217 2288; x_wconf 89' lang='lat' dir='ltr'>omnis</span> <span class='ocrx_word' id='word_1_277' title='bbox 1255 2252 1392 2288; x_wconf 86' lang='lat' dir='ltr'>veritas</span> <span class='ocrx_word' id='word_1_278' title='bbox 1441 2258 1497 2288; x_wconf 90' lang='lat' dir='ltr'>est</span> <span class='ocrx_word' id='word_1_279' title='bbox 1541 2252 1578 2287; x_wconf 86' lang='lat' dir='ltr'>in</span> <span class='ocrx_word' id='word_1_280' title='bbox 1593 2256 1699 2273; x_wconf 79' lang='lat' dir='ltr'>reason.</span> 
     </span>
    </p>
   </div>
   <div class='ocr_carea' id='block_1_21' title="bbox 34 2320 1583 2440">
    <p class='ocr_par' dir='ltr' id='par_1_21' title="bbox 34 2320 1583 2440">
     <span class='ocr_line' id='line_1_37' title="bbox 254 2320 1582 2370; baseline -0.001 -12"><span class='ocrx_word' id='word_1_281' title='bbox 254 2322 441 2370; x_wconf 83' lang='lat' dir='ltr'>scriptura</span> <span class='ocrx_word' id='word_1_282' title='bbox 466 2332 582 2370; x_wconf 85' lang='lat' dir='ltr'>quam</span> <span class='ocrx_word' id='word_1_283' title='bbox 610 2320 733 2368; x_wconf 78' lang='lat' dir='ltr'>magis</span> <span class='ocrx_word' id='word_1_284' title='bbox 762 2320 926 2369; x_wconf 88' lang='lat' dir='ltr'>pertinet</span> <span class='ocrx_word' id='word_1_285' title='bbox 956 2333 1055 2369; x_wconf 90' lang='lat' dir='ltr'>pape</span> <span class='ocrx_word' id='word_1_286' title='bbox 1086 2332 1324 2369; x_wconf 86' lang='lat' dir='ltr'>cognoscere</span> <span class='ocrx_word' id='word_1_287' title='bbox 1354 2327 1391 2358; x_wconf 90' lang='lat' dir='ltr'>et</span> <span class='ocrx_word' id='word_1_288' title='bbox 1419 2321 1582 2358; x_wconf 90' lang='lat' dir='ltr'>auctori-</span> 
     </span>
     <span class='ocr_line' id='line_1_38' title="bbox 34 2390 1583 2440; baseline -0.001 -12"><span class='ocrx_word' id='word_1_289' title='bbox 34 2401 166 2436; x_wconf 71' lang='lat' dir='ltr'>Decret,</span> <span class='ocrx_word' id='word_1_290' title='bbox 256 2391 346 2428; x_wconf 67' lang='lat' dir='ltr'>tati‘*</span> <span class='ocrx_word' id='word_1_291' title='bbox 376 2391 455 2428; x_wconf 89' lang='lat' dir='ltr'>eius</span> <span class='ocrx_word' id='word_1_292' title='bbox 486 2391 696 2437; x_wconf 87' lang='lat' dir='ltr'>intendere,</span> <span class='ocrx_word' id='word_1_293' title='bbox 721 2402 809 2427; x_wconf 93' lang='lat' dir='ltr'>cum</span> <span class='ocrx_word' id='word_1_294' title='bbox 839 2390 961 2427; x_wconf 82' lang='lat' dir='ltr'>eciam</span> <span class='ocrx_word' id='word_1_295' title='bbox 993 2391 1081 2439; x_wconf 84' lang='lat' dir='ltr'>quia</span> <span class='ocrx_word' id='word_1_296' title='bbox 1110 2391 1214 2428; x_wconf 82' lang='lat' dir='ltr'>iuxta</span> <span class='ocrx_word' id='word_1_297' title='bbox 1244 2391 1324 2428; x_wconf 84' lang='lat' dir='ltr'>iura</span> <span class='ocrx_word' id='word_1_298' title='bbox 1353 2391 1505 2440; x_wconf 85' lang='lat' dir='ltr'>papalia</span> <span class='ocrx_word' id='word_1_299' title='bbox 1525 2391 1583 2427; x_wconf 76' lang='lat' dir='ltr'>VO</span> 
     </span>
    </p>
   </div>
   <div class='ocr_carea' id='block_1_22' title="bbox 36 2446 1583 2580">
    <p class='ocr_par' dir='ltr' id='par_1_22' title="bbox 36 2446 1583 2580">
     <span class='ocr_line' id='line_1_39' title="bbox 36 2446 1583 2521; baseline 0.001 -23"><span class='ocrx_word' id='word_1_300' title='bbox 36 2446 241 2521; x_wconf 36' lang='lat' dir='ltr'>{ZQJCTm</span> <span class='ocrx_word' id='word_1_301' title='bbox 256 2461 501 2499; x_wconf 84' lang='lat' dir='ltr'>decretalium</span> <span class='ocrx_word' id='word_1_302' title='bbox 535 2461 582 2498; x_wconf 89' lang='lat' dir='ltr'>de</span> <span class='ocrx_word' id='word_1_303' title='bbox 618 2461 823 2510; x_wconf 76' lang='lat' dir='ltr'>privilegiis</span> <span class='ocrx_word' id='word_1_304' title='bbox 857 2467 967 2509; x_wconf 79' lang='lat' dir='ltr'>super</span> <span class='ocrx_word' id='word_1_305' title='bbox 1001 2462 1144 2509; x_wconf 73' lang='lat' dir='ltr'>specula</span> <span class='ocrx_word' id='word_1_306' title='bbox 1178 2461 1468 2500; x_wconf 80' lang='lat' dir='ltr'>Ecclesiasticus</span> <span class='ocrx_word' id='word_1_307' title='bbox 1503 2475 1583 2500; x_wconf 89' lang='lat' dir='ltr'>non</span> 
     </span>
     <span class='ocr_line' id='line_1_40' title="bbox 38 2531 1583 2580; baseline 0.003 -16"><span class='ocrx_word' id='word_1_308' title='bbox 38 2533 76 2563; x_wconf 90' lang='lat'>28</span> <span class='ocrx_word' id='word_1_309' title='bbox 95 2532 141 2573; x_wconf 75' lang='lat'>[31.</span> <span class='ocrx_word' id='word_1_310' title='bbox 257 2532 371 2569; x_wconf 89' lang='lat' dir='ltr'>debet</span> <span class='ocrx_word' id='word_1_311' title='bbox 405 2531 605 2568; x_wconf 85' lang='lat' dir='ltr'>admittere</span> <span class='ocrx_word' id='word_1_312' title='bbox 639 2531 743 2579; x_wconf 74' lang='lat' dir='ltr'>leges</span> <span class='ocrx_word' id='word_1_313' title='bbox 779 2542 954 2567; x_wconf 80' lang='lat' dir='ltr'>cesareas</span> <span class='ocrx_word' id='word_1_314' title='bbox 993 2531 1064 2568; x_wconf 89' lang='lat' dir='ltr'>nisi</span> <span class='ocrx_word' id='word_1_315' title='bbox 1105 2531 1152 2568; x_wconf 90' lang='lat' dir='ltr'>de</span> <span class='ocrx_word' id='word_1_316' title='bbox 1186 2539 1332 2580; x_wconf 88' lang='lat' dir='ltr'>quanto</span> <span class='ocrx_word' id='word_1_317' title='bbox 1367 2539 1583 2570; x_wconf 83' lang='lat' dir='ltr'>consonant</span> 
     </span>
    </p>
   </div>
   <div class='ocr_carea' id='block_1_23' title="bbox 39 2600 1834 2791">
    <p class='ocr_par' dir='ltr' id='par_1_23' title="bbox 39 2600 1834 2791">
     <span class='ocr_line' id='line_1_41' title="bbox 256 2600 1583 2651; baseline 0.001 -13"><span class='ocrx_word' id='word_1_318' title='bbox 256 2601 330 2650; x_wconf 83' lang='lat' dir='ltr'>legi</span> <span class='ocrx_word' id='word_1_319' title='bbox 366 2613 476 2650; x_wconf 86' lang='lat' dir='ltr'>pape.</span> <span class='ocrx_word' id='word_1_320' title='bbox 535 2600 662 2638; x_wconf 84' lang='lat' dir='ltr'>Maior</span> <span class='ocrx_word' id='word_1_321' title='bbox 697 2609 823 2638; x_wconf 85' lang='lat' dir='ltr'>autem</span> <span class='ocrx_word' id='word_1_322' title='bbox 859 2608 914 2638; x_wconf 88' lang='lat' dir='ltr'>est</span> <span class='ocrx_word' id='word_1_323' title='bbox 951 2601 1097 2638; x_wconf 85' lang='lat' dir='ltr'>Cristus</span> <span class='ocrx_word' id='word_1_324' title='bbox 1136 2614 1250 2650; x_wconf 85' lang='lat' dir='ltr'>super</span> <span class='ocrx_word' id='word_1_325' title='bbox 1288 2614 1430 2651; x_wconf 85' lang='lat' dir='ltr'>papam</span> <span class='ocrx_word' id='word_1_326' title='bbox 1467 2615 1583 2651; x_wconf 86' lang='lat' dir='ltr'>quam</span> 
     </span>
     <span class='ocr_line' id='line_1_42' title="bbox 255 2671 1582 2721; baseline 0.001 -14"><span class='ocrx_word' id='word_1_327' title='bbox 255 2672 336 2720; x_wconf 90' lang='lat' dir='ltr'>ipse</span> <span class='ocrx_word' id='word_1_328' title='bbox 366 2683 478 2720; x_wconf 91' lang='lat' dir='ltr'>super</span> <span class='ocrx_word' id='word_1_329' title='bbox 500 2672 710 2717; x_wconf 86' lang='lat' dir='ltr'>Cesarem;</span> <span class='ocrx_word' id='word_1_330' title='bbox 745 2679 781 2709; x_wconf 90' lang='lat' dir='ltr'>et</span> <span class='ocrx_word' id='word_1_331' title='bbox 811 2672 906 2708; x_wconf 89' lang='lat' dir='ltr'>sicut</span> <span class='ocrx_word' id='word_1_332' title='bbox 935 2683 975 2708; x_wconf 88' lang='lat' dir='ltr'>se</span> <span class='ocrx_word' id='word_1_333' title='bbox 1005 2671 1119 2708; x_wconf 83' lang='lat' dir='ltr'>habet</span> <span class='ocrx_word' id='word_1_334' title='bbox 1149 2671 1279 2720; x_wconf 86' lang='lat' dir='ltr'>legifer</span> <span class='ocrx_word' id='word_1_335' title='bbox 1308 2673 1356 2709; x_wconf 81' lang='lat' dir='ltr'>ad</span> <span class='ocrx_word' id='word_1_336' title='bbox 1386 2673 1582 2721; x_wconf 84' lang='lat' dir='ltr'>legiferum</span> 
     </span>
     <span class='ocr_line' id='line_1_43' title="bbox 39 2741 1834 2791; baseline 0.001 -12"><span class='ocrx_word' id='word_1_337' title='bbox 39 2761 85 2790; x_wconf 58' lang='grc' dir='ltr'>Κ,</span> <span class='ocrx_word' id='word_1_338' title='bbox 257 2743 310 2780; x_wconf 89' lang='lat' dir='ltr'>sic</span> <span class='ocrx_word' id='word_1_339' title='bbox 344 2747 499 2791; x_wconf 91' lang='lat' dir='ltr'>oportet</span> <span class='ocrx_word' id='word_1_340' title='bbox 534 2742 638 2790; x_wconf 90' lang='lat' dir='ltr'>quod</span> <span class='ocrx_word' id='word_1_341' title='bbox 680 2754 719 2779; x_wconf 90' lang='lat' dir='ltr'>se</span> <span class='ocrx_word' id='word_1_342' title='bbox 755 2742 895 2779; x_wconf 83' lang='lat' dir='ltr'>habeat</span> <span class='ocrx_word' id='word_1_343' title='bbox 928 2741 987 2778; x_wconf 85' lang='lat' dir='ltr'>lex</span> <span class='ocrx_word' id='word_1_344' title='bbox 1021 2742 1069 2778; x_wconf 87' lang='lat' dir='ltr'>ad</span> <span class='ocrx_word' id='word_1_345' title='bbox 1104 2741 1239 2790; x_wconf 83' lang='lat' dir='ltr'>legem.</span> <span class='ocrx_word' id='word_1_346' title='bbox 1299 2742 1423 2779; x_wconf 81' lang='lat' dir='ltr'>Radix</span> <span class='ocrx_word' id='word_1_347' title='bbox 1455 2751 1581 2780; x_wconf 84' lang='lat' dir='ltr'>autem</span> <span class='ocrx_word' id='word_1_348' title='bbox 1596 2748 1658 2773; x_wconf 76' lang='lat' dir='ltr'>The</span> <span class='ocrx_word' id='word_1_349' title='bbox 1671 2753 1730 2774; x_wconf 83' lang='lat' dir='ltr'>root</span> <span class='ocrx_word' id='word_1_350' title='bbox 1744 2748 1834 2774; x_wconf 83' lang='lat' dir='ltr'>ofour</span> 
     </span>
    </p>
   </div>
   <div class='ocr_carea' id='block_1_24' title="bbox 301 2781 1827 2875">
    <p class='ocr_par' dir='ltr' id='par_1_24' title="bbox 301 2781 1827 2875">
     <span class='ocr_line' id='line_1_44' title="bbox 1597 2781 1827 2814; baseline 0 -7"><span class='ocrx_word' id='word_1_351' title='bbox 1597 2788 1706 2814; x_wconf 74' lang='lat' dir='ltr'>present</span> <span class='ocrx_word' id='word_1_352' title='bbox 1724 2781 1791 2807; x_wconf 73' lang='lat' dir='ltr'>evils</span> <span class='ocrx_word' id='word_1_353' title='bbox 1805 2781 1827 2807; x_wconf 65' lang='lat' dir='ltr'>is</span> 
     </span>
     <span class='ocr_line' id='line_1_45' title="bbox 301 2831 1583 2875; baseline 0.001 -12"><span class='ocrx_word' id='word_1_354' title='bbox 301 2832 311 2850; x_wconf 88' lang='lat'>¹</span> <span class='ocrx_word' id='word_1_355' title='bbox 336 2833 367 2863; x_wconf 89' lang='lat' dir='ltr'>in</span> <span class='ocrx_word' id='word_1_356' title='bbox 386 2833 551 2873; x_wconf 85' lang='lat' dir='ltr'>peccando</span> <span class='ocrx_word' id='word_1_357' title='bbox 569 2838 634 2873; x_wconf 72' lang='lat' dir='ltr'>pro</span> <span class='ocrx_word' id='word_1_358' title='bbox 658 2833 877 2875; x_wconf 86' lang='lat' dir='ltr'>impetrando,</span> <span class='ocrx_word' id='word_1_359' title='bbox 894 2841 926 2863; x_wconf 87' lang='lat' dir='ltr'>A.</span> <span class='ocrx_word' id='word_1_360' title='bbox 1059 2831 1070 2848; x_wconf 88' lang='lat'><em>²</em></span> <span class='ocrx_word' id='word_1_361' title='bbox 1094 2843 1181 2874; x_wconf 88' lang='lat' dir='ltr'>papa</span> <span class='ocrx_word' id='word_1_362' title='bbox 1205 2833 1402 2866; x_wconf 84' lang='lat' dir='ltr'>mandaverit</span> <span class='ocrx_word' id='word_1_363' title='bbox 1427 2834 1583 2875; x_wconf 82' lang='lat' dir='ltr'>episcopo</span> 
     </span>
    </p>
   </div>
   <div class='ocr_carea' id='block_1_25' title="bbox 258 2884 1354 2927">
    <p class='ocr_par' dir='ltr' id='par_1_25' title="bbox 258 2884 1354 2927">
     <span class='ocr_line' id='line_1_46' title="bbox 258 2884 1354 2927; baseline 0 -11"><span class='ocrx_word' id='word_1_364' title='bbox 258 2896 326 2922; x_wconf 80' lang='lat' dir='ltr'>suo,</span> <span class='ocrx_word' id='word_1_365' title='bbox 344 2885 409 2915; x_wconf 78' lang='lat' dir='ltr'>ord.</span> <span class='ocrx_word' id='word_1_366' title='bbox 432 2886 499 2915; x_wconf 69' lang='lat' dir='ltr'>inv.</span> <span class='ocrx_word' id='word_1_367' title='bbox 521 2893 547 2915; x_wconf 75' lang='grc' dir='ltr'>Β.</span> <span class='ocrx_word' id='word_1_368' title='bbox 653 2885 664 2902; x_wconf 82' lang='lat'>³</span> <span class='ocrx_word' id='word_1_369' title='bbox 688 2885 907 2927; x_wconf 81' lang='lat' dir='ltr'>exposicione,</span> <span class='ocrx_word' id='word_1_370' title='bbox 925 2893 959 2915; x_wconf 83' lang='grc' dir='ltr'>Α.</span> <span class='ocrx_word' id='word_1_371' title='bbox 1064 2884 1073 2900; x_wconf 89' lang='lat'><strong>⁴</strong></span> <span class='ocrx_word' id='word_1_372' title='bbox 1099 2886 1302 2919; x_wconf 86' lang='lat' dir='ltr'>auctoritate.</span> <span class='ocrx_word' id='word_1_373' title='bbox 1321 2895 1354 2916; x_wconf 85' lang='grc' dir='ltr'>Α.</span> 
     </span>
    </p>
   </div>
  </div>
 </body>
</html>
