2018 3401
138 340 195 394 96
825 348 891 380 DE
924 347 1120 380 OFFICIO
1153 347 1312 380 REGIS.

418 455 656 504 ingeminata
682 454 693 475 ¹
747 453 845 492 fuit2
902 455 1098 504 sapiencia
1157 454 1337 499 increata,
1398 459 1440 490 ut
1501 463 1573 490 nec
1632 455 1753 489 'status

419 527 579 565 ecclesie
614 532 923 576 contempnatur,
958 539 1030 564 nec
1064 538 1233 576 persona
1266 525 1613 575 proporcionaliter
1643 531 1684 561 ut
1714 524 1754 560 in

420 604 519 636 statu
549 598 661 635 altior
689 597 774 647 plus
808 597 1005 643 laudetur;
1040 597 1107 635 sed
1137 597 1233 634 sicut
1253 597 1369 635 virtus
1398 603 1435 634 et
1465 595 1755 646 perseverancia

421 675 510 707 sunt
557 669 670 707 nobis
717 669 925 719 incognite,
976 669 1029 707 sic
1077 669 1237 706 materia
1275 669 1398 706 laudis
1436 668 1619 713 humane,
1661 667 1755 704 dum

420 741 712 790 peregrinamur
751 753 773 777 a
812 740 983 786 domino,
1021 740 1234 778 occultetur
1271 746 1308 777 et
1346 746 1427 778 tota
1464 740 1548 777 laus
1582 745 1786 779 creatures

419 811 581 849 creatori
613 824 636 848 a
666 823 744 861 quo
779 818 935 850 emanat
963 811 1087 849 laudis
1116 811 1277 849 materia
1307 811 1516 860 prudenter
1549 817 1586 848 et
1616 810 1756 860 princi-

420 883 554 932 paliter
575 883 793 932 imputetur.
851 883 897 920 In
919 883 1076 920 brachio
1098 883 1226 933 itaque
1254 883 1457 932 temporali
1479 889 1598 920 status
1619 882 1756 932 regalis
1770 888 1812 917 21
1829 896 1860 918 e.

420 961 478 992 est
497 954 616 992 alcior
639 961 676 992 et
697 955 735 991 in
757 954 915 992 brachio
937 954 1122 1003 spirituali
1144 960 1262 992 status
1283 954 1524 1004 apostolatus
1546 953 1757 991 sublimior.

140 1027 397 1094 ssssgeosfeffissgthe
423 1025 500 1063 Sed
523 1026 610 1075 quis
636 1025 817 1063 Pharone
839 1026 897 1064 vel
927 1026 1024 1063 Iuda
1053 1025 1270 1064 abieccior?
1329 1024 1497 1074 Oportet
1526 1037 1621 1075 ergo
1651 1023 1757 1074 quod

143 1097 275 1124 Pharaoh
289 1097 345 1122 and
360 1095 408 1121 the

141 1131 259 1164 Apostle
272 1130 365 1163 Judas

142 1164 269 1191 Iscariot.

421 1109 487 1135 rex
510 1097 605 1135 iuste
627 1103 769 1134 statuat
789 1097 929 1135 iustam
954 1097 1080 1146 legem
1111 1104 1148 1134 et
1177 1097 1313 1146 ipsam,
1337 1096 1386 1134 ad
1416 1096 1641 1146 exemplar³
1661 1095 1757 1145 legis
1773 1107 1812 1131 10

422 1169 493 1214 dei,
534 1168 723 1207 virtuosus
763 1175 984 1218 exequatur,
1025 1169 1233 1219 quemlibet
1281 1168 1494 1218 prudenter
1541 1167 1758 1206 secundum

141 1242 306 1308 {ssglfflbgt
317 1242 410 1302 ἐξῇτε·
424 1240 652 1290 dignitatem
681 1240 763 1277 sui⁴
784 1246 904 1278 status
924 1247 960 1278 et
981 1240 1105 1278 meriti
1135 1240 1379 1286 honorando,
1400 1247 1441 1277 ut
1470 1240 1598 1277 bonos
1628 1239 1758 1285 duces,

142 1311 367 1371 Ξζιῗὸᾶέξξὴξψὸ,
422 1311 584 1349 comites
632 1317 669 1348 et
717 1312 896 1356 barones,
945 1318 982 1348 et
1039 1311 1178 1349 milites
1221 1318 1422 1360 tamquam
1470 1311 1576 1357 tales,
1626 1310 1760 1348 fideles

143 1378 282 1445 ffigssffgssl
284 1378 410 1441 ogffiey
423 1382 619 1433 operarios
651 1389 851 1432 tamquam
883 1382 989 1429 tales,
1013 1388 1051 1420 et
1083 1382 1241 1420 clericos
1272 1382 1528 1432 procedentes
1561 1382 1687 1420 debite
1719 1383 1758 1419 in

143 1445 367 1511 ζξζὲῗῇἰῇἒᾞξῃ
424 1454 502 1491 suis
537 1454 698 1491 statibus
733 1460 931 1503 tamquam
965 1454 1071 1499 tales,
1101 1461 1139 1492 et
1165 1454 1323 1491 demum
1354 1453 1589 1491 honorando
1620 1453 1757 1491 decore
1774 1456 1811 1488 15

143 1512 387 1575 ξῗξέζεζῗψωίνθ
424 1525 591 1562 vindicte
623 1537 690 1562 eos
724 1525 817 1574 qui5
849 1537 871 1562 a
906 1531 1007 1563 statu
1046 1537 1115 1563 suo
1150 1525 1396 1574 degenerant,
1429 1532 1613 1574 tanquam
1653 1524 1758 1562 tales.

426 1595 530 1633 Nam
560 1608 701 1645 corpus
722 1596 831 1645 regni
852 1603 943 1633 tunc
971 1603 1123 1634 constat
1151 1597 1191 1633 in
1221 1597 1383 1634 sanitate
1413 1597 1570 1646 politica
1599 1596 1758 1646 quando

425 1679 493 1705 cor
526 1668 618 1712 eius,
654 1667 760 1716 quod
794 1674 851 1704 est
883 1668 988 1717 regia
1019 1674 1200 1717 potestas,
1231 1667 1354 1705 influit
1386 1675 1464 1705 tam
1500 1668 1759 1718 superioribus

427 1738 573 1776 clericis
604 1750 723 1788 quam
755 1737 996 1776 inferioribus
1025 1738 1232 1787 wlgaribus
1271 1738 1378 1788 quod
1408 1746 1465 1776 est
1499 1740 1652 1777 iustum.
1710 1738 1760 1775 Et

427 1810 518 1859 quia
539 1809 682 1846 animal
703 1809 822 1846 homo
853 1809 976 1858 magis
1004 1809 1165 1847 attendit
1195 1809 1244 1846 ad
1271 1810 1376 1847 bona
1400 1810 1641 1859 temporalia,
1671 1810 1759 1847 ideo
1775 1820 1817 1843 20

428 1887 518 1918 sunt
548 1880 781 1929 prudencius
818 1880 858 1916 in
889 1880 1167 1929 temporalibus
1201 1880 1428 1918 moderandi
1460 1880 1660 1919 inferiores
1694 1881 1760 1931 qui

147 1951 646 2019 &fiflcqwrveekcgzgffsesnutriuntur
685 1950 972 2000 temporalibus,
1012 1958 1197 2001 tanquam
1236 1953 1383 2000 grossis
1422 1953 1575 1989 cibariis
1614 1952 1758 1990 debent
1772 1957 1930 1987 F01.131
1947 1965 1979 1987 a.

146 2027 408 2094 ssffisrfffegigggssngnd
429 2022 556 2059 librari
576 2033 653 2070 quo
674 2021 723 2058 ad
743 2022 1029 2071 possessionem
1050 2029 1086 2060 et
1111 2023 1280 2060 officium
1309 2023 1592 2072 temporalium,
1615 2024 1760 2073 superi-

149 2094 398 2155 gssgffijvquffisitn
429 2105 515 2131 ores
546 2093 611 2142 qui
642 2093 858 2130 nutriuntur
889 2093 994 2131 claro
1024 2100 1061 2131 et
1091 2093 1167 2131 leni
1199 2094 1331 2143 spiritu
1362 2095 1520 2132 animati
1548 2094 1692 2132 debent
1712 2095 1761 2131 ab

147 2162 310 2237 ‘ljgulatigg
328 2162 416 2215 thfSe·
429 2164 609 2212 amplexu
630 2171 850 2202 sanctorum
872 2165 1070 2202 semoveri.
1128 2165 1242 2203 Unde
1263 2177 1341 2215 quo
1362 2165 1411 2203 ad
1431 2166 1594 2215 primam
1610 2172 1761 2214 partem
1778 2168 1816 2200 25

175 2221 206 2238 or
219 2217 266 2238 not
290 2220 337 2243 mg
351 2219 374 2236 is

149 2244 415 2311 ssossglffiecsziiitcfisive
428 2235 520 2272 nihil
541 2236 743 2284 potencius
757 2236 769 2255 ⁶
790 2236 946 2273 destruit
966 2249 1096 2285 regna,
1115 2249 1193 2285 quo
1213 2237 1262 2273 ad
1283 2237 1398 2274 vitam
1419 2237 1626 2286 politicam,
1643 2249 1761 2286 quam

149 2313 219 2339 than
233 2319 261 2338 to
276 2313 325 2338 rob
339 2313 387 2338 the
427 2306 667 2343 inmoderate
706 2307 868 2344 aufferre
907 2308 956 2344 ab
995 2307 1234 2345 inferioribus
1278 2309 1382 2346 bona
1424 2308 1585 2346 fortune.
1657 2307 1762 2345 Nam

149 2347 235 2372 lower
248 2347 351 2372 classes
364 2345 396 2372 of

150 2380 224 2406 their
237 2386 382 2413 property·
430 2377 597 2414 suffosso
655 2377 910 2416 fundamento
963 2385 1117 2428 oportet
1165 2379 1327 2417 domum
1375 2391 1561 2417 corruere.
1647 2379 1762 2417 Unde

429 2448 652 2485 Aristoteles
693 2456 738 2494 40
775 2449 941 2498 capitulo
982 2457 1227 2488 secretorum.
1296 2449 1405 2488 St'cul
1430 2458 1503 2499 per
1540 2450 1760 2501 ung'sormem

150 2513 418 2573 ξᾞζῑζῇἓῖξῇζζῑξὴ
432 2518 669 2556 obedienciam
689 2520 914 2556 subditorum
937 2525 1112 2557 servalm‘
1130 2522 1229 2569 regis
1250 2522 1461 2566 danismam,
1483 2522 1536 2557 sic
1547 2528 1620 2570 per
1638 2534 1759 2558 corum
1775 2523 1817 2554 30

149 2581 711 2640 {sss‘ffgsshgf‘fflssooe‘zbzobedz'cncz'am
738 2591 949 2627 debslz'lalm·
969 2596 1002 2627 el
1022 2592 1202 2628 subt'cv'lur
1212 2593 1381 2641 potencia
1409 2593 1643 2630 dominanttlr.
1711 2592 1761 2630 Et

151 2647 262 2679 subject
276 2648 388 2680 springs
779 2662 785 2668 ·
819 2662 826 2669 ·
1353 2663 1359 2670 .
1473 2663 1479 2670 .
1723 2663 1729 2669 .
1751 2664 1758 2671 .

150 2688 200 2707 out
213 2682 301 2707 osthe
317 2681 418 2713 Kinz's
431 2673 506 2710 ego
535 2661 741 2698 ostendam
763 2662 828 2698 tlbl
850 2674 1006 2699 causam
1027 2669 1184 2711 propter
1204 2674 1321 2712 quam
1350 2663 1570 2700 mducrmur
1585 2663 1599 2683 ⁷
1620 2663 1760 2701 subditi

151 2716 407 2808 Ξξέἐζῗέξῖἕῃῗξῇἀ
429 2731 598 2769 obedire.
656 2731 784 2770 Prima
816 2744 933 2770 causa
967 2740 1023 2770 est
1053 2739 1094 2770 ut
1128 2745 1194 2770 rex
1228 2733 1416 2771 iusticiam
1450 2740 1628 2771 exerceat
1660 2734 1762 2771 circa

173 2791 196 2807 15
229 2792 243 2807 Ε
257 2792 324 2808 enee
337 2792 352 2809 O

152 2815 339 2882 iffirffbjeffi'
430 2802 695 2851 possessiones
737 2811 774 2840 et
813 2803 982 2853 quesitas
1019 2803 1226 2852 peccunias
1274 2804 1516 2842 subditorum
1563 2804 1761 2854 parcendo

475 2894 484 2912 ¹
509 2894 684 2934 ingeniata,
705 2903 737 2926 Α.
838 2895 849 2913 ²
873 2895 981 2933 suerit,
998 2903 1032 2928 A.
1136 2895 1148 2913 ³
1172 2896 1346 2937 exemplat,
1363 2905 1396 2928 Λ.
1500 2895 1512 2914 ⁴
1536 2902 1638 2928 status
1654 2896 1714 2936 sui,
1732 2905 1764 2929 B.

431 2945 443 2962 ⁵
466 2955 531 2985 quo
542 2950 605 2986 pro
621 2945 687 2986 qui,
708 2953 736 2977 Β.
983 2945 995 2963 ⁶
1018 2947 1194 2988 patencius,
1216 2955 1243 2978 Β.
1472 2946 1482 2964 ⁷
1507 2947 1711 2987 inducuntur,
1732 2955 1762 2978 Β.
