2018 3401
159 268 213 307 66
862 269 925 300 DE
957 267 1151 300 OFFrcio
1184 265 1340 298 Rssors.

157 391 425 457 Jssiisseffensstrl'dto
436 385 572 417 notum
611 376 717 427 quod
746 376 862 412 virtus
896 374 1052 423 regitiva
1081 372 1179 421 regis
1203 383 1243 408 se
1270 369 1439 408 extendit
1465 381 1511 406 ex
1539 369 1688 418 integro
1718 367 1767 404 ad

298 433 314 449 X

158 457 383 518 {ffi‘gl'issgxin
406 491 427 516 ‚S
439 462 554 488 omne
594 460 708 497 super
746 459 823 495 quo
862 445 963 482 cadit
998 444 1079 481 eius
1102 442 1119 462 '⁴‘
1157 442 1373 480 dominium
1416 439 1602 484 seculare,
1643 445 1683 475 ut
1718 438 1767 475 ad
1780 444 1822 474 15
1839 444 1874 473 b.

158 525 311 552 dominion·
385 500 403 523 g
439 533 576 560 omnes
595 519 772 557 homines
792 517 872 554 eius
893 515 1014 565 legios
1034 521 1071 552 et
1092 513 1138 551 ad
1157 513 1288 551 omnia
1309 513 1500 549 substrata
1520 522 1588 547 sue
1612 521 1767 559 posses-

438 593 535 630 sioni
551 591 660 628 civili.
718 589 839 637 Super
859 587 991 625 omnia
1007 585 1164 635 quidem
1186 584 1273 621 talia
1294 596 1359 620 rex
1382 582 1594 631 capitaliter
1614 580 1767 618 domin-

437 670 530 709 atur,
573 673 686 710 super
725 658 958 709 quibusdam
995 657 1201 693 inmediate
1240 661 1276 692 et
1316 666 1430 703 super
1468 653 1549 690 aliis
1588 652 1800 698 mediate,5

438 733 646 772 distancius
676 731 735 769 vel
766 729 1019 780 propinquius
1052 727 1264 765 secundum
1296 725 1399 774 quod
1433 724 1606 762 mediant
1640 723 1767 773 plures

160 810 427 879 {ssj‘esssgfflsshssss
440 812 505 843 aut
529 804 732 854 pauciores
768 800 983 839 subdicioni
1014 798 1238 836 eorundem.
1294 797 1354 833 Ex
1380 809 1457 846 quo
1482 797 1652 845 sequitur
1680 806 1768 832 cum

161 879 371 946 ξέἑξζέἑῗὲἶς-
440 876 534 914 veris
562 874 667 925 quod
702 885 770 910 rex
805 871 1025 909 dominatur
1053 882 1168 919 super
1198 869 1304 906 omni
1337 868 1439 905 clero
1467 880 1536 904 suo
1561 866 1663 916 legio
1691 877 1769 914 quo

160 946 368 1013 ξξΞ-Ἦὲζέξξῃ
442 948 490 985 ad
511 958 661 995 corpus,
690 951 726 982 et
757 956 825 993 per
858 954 1100 991 consequens
1133 952 1245 990 super
1277 940 1458 977 omnibus
1490 937 1770 987 temporalibus

440 1018 552 1056 bonis
573 1017 660 1054 suis.
718 1014 821 1052 Nam
843 1026 957 1062 super
976 1012 1156 1051 omnibus
1183 1011 1404 1048 hominibus
1425 1010 1532 1059 legiis
1552 1017 1589 1046 et
1611 1009 1768 1058 quibus·
1786 1021 1826 1043 10

441 1101 591 1138 cunque
612 1087 725 1125 bonis
747 1097 882 1123 eorum
903 1083 1176 1133 temporalibus
1199 1082 1429 1119 dominatur.
1474 1080 1624 1119 Omnes
1645 1079 1770 1117 clerici

159 1169 363 1228 ‹ByteanoraIt
443 1161 500 1197 sui
521 1159 608 1208 legii
630 1164 718 1195 sunt
738 1157 916 1194 homines
938 1155 994 1192 sui
1015 1155 1114 1203 legii,
1137 1166 1227 1203 ergo
1247 1153 1455 1190 conclusio.
1511 1151 1562 1188 Et
1582 1163 1630 1187 ne
1652 1157 1772 1187 stetur

245 1213 257 1228 S

162 1212 374 1297 Ξιέῐέἓεῗὲἓὶῗᾘγ
442 1232 480 1268 in
521 1229 820 1279 sophismatibus
854 1226 1029 1264 vocando
1060 1225 1215 1262 virtutes
1248 1230 1285 1261 et
1315 1223 1447 1261 omnia
1474 1223 1577 1260 bona
1606 1221 1773 1259 hominis

442 1307 661 1339 mensurata
681 1306 854 1348 tempore
876 1298 956 1335 eius
976 1296 1201 1346 temporalia
1222 1307 1401 1344 suppono
1425 1305 1634 1331 comunem
1655 1292 1772 1341 signi-

442 1373 670 1410 ficacionem
695 1371 874 1407 usitatam
904 1369 943 1405 in
975 1369 1045 1405 ista
1076 1367 1236 1404 materia
1266 1366 1313 1403 de
1343 1366 1455 1404 bonis
1486 1364 1772 1414 temporalibus,
1790 1377 1826 1408 15

443 1443 548 1494 quod
568 1442 699 1480 omnia
720 1448 757 1478 et
778 1440 902 1478 solum
923 1439 985 1476 illa
1006 1439 1079 1475 sint
1100 1439 1202 1476 bona
1226 1437 1451 1487 temporalia
1472 1436 1637 1473 hominis
1658 1434 1774 1471 versi-

443 1514 552 1553 bilial
572 1514 629 1551 vel
650 1512 873 1550 adiacencia
894 1523 1008 1560 super
1032 1510 1172 1559 quibus
1193 1509 1370 1547 convenit
1395 1508 1594 1545 hominem
1617 1506 1775 1544 civiliter

164 1581 394 1648 ssffgsstsbsshtssfess
449 1585 641 1623 dominari
671 1582 885 1621 cuiusmodi
905 1589 1091 1619 vocantur
1113 1580 1249 1617 mundi
1273 1580 1422 1617 divicie.
1483 1578 1544 1616 Sic
1565 1578 1670 1615 enim
1691 1584 1775 1614 orat

165 1650 348 1710 gxssxg'jghofstg]
352 1659 384 1709 ῗο

165 1717 435 1784 ξξῗξὲἓῗξζξξηᾙ)
445 1735 588 1773 eterna,
613 1739 692 1763 non
713 1724 961 1774 intelligendo
981 1736 1049 1772 per
1076 1722 1302 1772 temporalia
1326 1722 1479 1758 virtutes
1495 1723 1508 1741 2
1534 1727 1662 1769 partes
1690 1732 1774 1757 cor·
1791 1738 1831 1759 20

444 1656 606 1695 ecclesia
636 1667 676 1692 se
708 1655 760 1691 sic
793 1653 953 1690 transire
978 1665 1046 1702 per
1072 1653 1176 1689 bona
1206 1651 1432 1700 temporalia
1456 1656 1497 1687 ut
1520 1662 1600 1687 non
1627 1649 1776 1685 amittat

444 1799 548 1849 poris
567 1798 726 1835 humani
747 1802 812 1833 aut
832 1802 959 1845 partes
981 1795 1052 1832 celi
1077 1806 1165 1832 cum
1192 1793 1456 1831 accidentibus
1476 1799 1512 1829 et
1532 1791 1709 1828 minuciis
1732 1803 1776 1828 ac

445 1869 672 1919 corporibus
700 1867 946 1916 simplicibus,
970 1878 1085 1914 super
1106 1865 1272 1914 quelibet
1294 1877 1374 1901 non
1403 1863 1504 1901 cadit
1525 1863 1642 1900 civilis
1663 1861 1777 1898 racio.

446 1941 527 1978 Isto
548 1939 750 1989 supposito
770 1944 874 1987 patet
898 1936 1097 1975 conclusio
1121 1948 1168 1973 eo
1190 1935 1295 1985 quod
1316 1935 1443 1971 omnis
1465 1946 1532 1971 rex
1558 1933 1779 1971 dominatur

447 2024 560 2061 super
586 2016 668 2048 toto
695 2022 816 2059 regno
840 2021 923 2052 suo,
945 2008 1071 2046 omnis
1091 2007 1251 2044 clericus
1280 2005 1427 2055 legius3
1449 2005 1548 2054 regis
1577 2016 1666 2041 cum
1696 2010 1777 2040 tota

447 2082 690 2132 possessione
720 2093 790 2118 sua
819 2086 875 2117 est
901 2091 990 2128 pars
1019 2079 1138 2128 regni,
1158 2090 1253 2126 ergo
1274 2077 1493 2114 dominatur
1514 2087 1627 2124 super
1649 2074 1774 2111 omni-
1792 2092 1830 2122 25

448 2155 519 2191 bus
538 2153 629 2190 istis.
687 2152 808 2189 Aliter
835 2151 938 2188 enim
968 2149 1092 2187 forent
1120 2149 1157 2185 in
1186 2160 1306 2197 regno
1337 2154 1373 2184 et
1400 2159 1480 2184 non
1502 2146 1549 2183 de
1571 2145 1634 2183 illo
1655 2157 1777 2194 regno

450 2238 521 2262 nec
543 2236 629 2274 pars
650 2224 742 2269 eius,
764 2223 853 2272 quia
873 2234 941 2271 per
962 2233 1002 2258 se
1023 2227 1159 2258 notum
1180 2226 1236 2257 est
1258 2218 1362 2268 quod
1387 2224 1513 2255 totum
1533 2228 1697 2266 regnum
1719 2224 1777 2253 est

172 2303 398 2370 ssgsslfi’aiagover
451 2295 543 2332 illud
570 2295 674 2344 quod
694 2294 873 2331 terminat
898 2292 1131 2341 adequatum
1153 2291 1251 2340 regis
1278 2290 1505 2327 dominium.
1561 2288 1612 2325 Et
1637 2295 1678 2324 ut
1707 2288 1779 2324 ista

173 2380 236 2397 nors
250 2371 420 2403 byprudent
453 2366 649 2404 conclusio
687 2365 811 2414 magis
849 2370 1031 2412 appareat
1070 2362 1238 2411 adiungo
1277 2361 1436 2399 terciam
1475 2359 1777 2402 conclusionem,

172 2405 232 2431 rule
246 2413 310 2436 may
323 2413 362 2429 es-

174 2437 411 2498 ξξὲῑζὲὲζηξθῃθῆῑ
454 2437 558 2486 quod
587 2437 685 2474 sicut
711 2435 916 2485 prepositi⁴
940 2434 1151 2482 spirituales
1182 2445 1229 2470 ex
1259 2432 1467 2481 prudencia
1493 2431 1549 2468 sui
1580 2430 1776 2480 regiminis
1792 2446 1832 2476 30

174 2505 399 2572 ᾖζὲξὶἑξξζῇζξγ
454 2516 540 2545 sunt
560 2506 800 2556 prosperitati
820 2517 1027 2554 regnorum
1049 2504 1133 2553 plus
1153 2504 1273 2549 utiles,
1295 2503 1347 2541 sic
1367 2502 1547 2551 prepositi
1568 2501 1778 2550 spirituales

174 2573 349 2633 ξξξξζζξοξξε
363 2571 440 2598 Chlef
456 2580 492 2616 in
518 2579 591 2615 isto
611 2577 798 2626 regimine
823 2589 870 2613 ex
891 2576 1114 2625 ignorancia
1139 2576 1323 2624 scripture
1345 2574 1401 2611 vel
1426 2585 1540 2610 causa
1561 2573 1633 2609 alia
1657 2572 1777 2621 negli-

174 2647 418 2716 (ἓῑὲῇῒὲἒξῑὲἑῗζῐ
455 2658 589 2700 gentes
609 2656 697 2686 sunt
719 2660 926 2697 regnorum
947 2646 1114 2696 precipui
1135 2646 1359 2695 proditores.
1416 2644 1544 2681 Prima
1566 2656 1655 2693 pars
1674 2650 1779 2692 patet

176 2716 296 2749 especial
309 2716 412 2742 advan-

176 2748 446 2783 tagesforteaching
457 2735 502 2760 ex
519 2721 593 2758 hoc
609 2719 714 2769 quod
734 2719 828 2756 tales
847 2717 1032 2768 prepositi
1053 2717 1243 2754 efficacius
1265 2717 1406 2754 docent
1427 2715 1602 2752 subditos
1623 2714 1779 2751 obedire

543 2819 550 2835 ¹
578 2817 732 2856 visibilia,
750 2825 780 2848 B.
979 2815 991 2832 ²
1013 2819 1150 2851 vertens,
1168 2824 1198 2845 A.
1394 2812 1405 2828 ³
1428 2812 1512 2853 regis
1527 2811 1642 2853 legius,
1660 2819 1689 2842 B.

991 2867 1000 2884 ¹
1026 2866 1190 2907 preposui,
1208 2873 1241 2896 Λ.
