2018 3401
160 347 244 402 196

156 477 207 504 but
220 477 371 511 according

156 512 205 538 the
217 512 350 545 profiting
363 513 396 539 of

155 545 205 571 the
218 546 340 572 Church.

155 606 218 632 The
233 612 306 646 state
319 607 351 634 of
360 614 370 634 t

155 640 253 674 clergy
266 650 288 667 is
301 651 377 668 more

866 356 932 388 DE
962 356 1159 389 OFFICIO
1192 356 1349 389 REGIS.

384 483 414 505 to
436 461 647 512 perfeccius
677 461 955 511 proficiendum
983 461 1154 500 ecclesie.
1225 461 1353 501 Status
1391 469 1518 500 autem
1558 462 1768 500 sacerdotis

436 540 491 572 est
512 533 662 570 militari
683 533 903 583 perfeccior,
926 532 1001 571 hoc
1021 540 1078 570 est
1097 533 1146 570 ad
1166 534 1442 572 beatitudinem
1466 534 1766 584 promerendum

373 607 408 634 he
435 605 608 651 habilior,
629 605 726 642 sicut
755 611 874 642 status
898 616 1045 654 pauper
1065 611 1121 642 est
1141 617 1218 654 quo
1239 605 1287 642 ad
1308 605 1423 642 deum
1444 605 1629 654 superior.
1688 604 1765 643 Sed

156 675 395 706 ΡθΐθὲῦῑΞῑ-ῊΠΟΓΕ
436 682 586 725 oportet
615 675 841 725 perfecciori
880 675 991 713 statui
1023 675 1138 712 vitam
1177 676 1316 713 addere
1356 677 1615 722 sancciorem;
1659 676 1766 714 aliter

155 708 279 741 adapted
293 715 322 735 to
335 718 367 735 ea

370 719 412 735 ΓΠ-

150 740 398 809 {nmffigssiess’gss'gsstss}
437 748 541 784 enim
564 754 620 785 est
640 753 760 785 status
786 746 1079 796 dampnabilior.
1138 746 1329 786 Sacerdos
1358 749 1486 798 itaque
1517 748 1714 786 ordinatur
1744 755 1799 786 af»

153 810 225 835 need
236 810 278 836 for
291 819 309 837 a
321 811 367 837 hol

151 842 210 869 life.

370 820 389 844 y
434 819 508 857 deo
541 831 690 857 servare
722 818 974 855 humilitatem
1012 818 1250 867 pacienciam
1289 825 1325 856 et
1357 826 1624 869 paupertatem
1654 825 1691 856 et
1726 818 1764 855 in

431 889 591 928 istorum
612 889 757 927 actibus
787 889 1042 939 congaudere,
1059 890 1098 926 in
1119 890 1253 926 mundi
1274 902 1364 928 vero
1393 890 1516 939 gloria
1543 889 1762 935 condolere,

430 961 557 999 sciens
596 961 702 1011 quod
742 973 822 998 non
862 961 901 998 in
949 961 1024 998 hoc
1063 961 1132 998 sed
1178 961 1218 998 in
1255 961 1372 1010 priori
1413 961 1543 1011 posuit
1581 961 1764 1010 magister

429 1032 704 1070 excellenciam
734 1031 953 1069 sacerdotis.
1010 1031 1070 1076 Et,
1091 1038 1133 1069 ut
1163 1044 1278 1081 supra
1307 1031 1451 1070 dictum
1472 1039 1539 1078 est,
1560 1044 1640 1070 non
1661 1033 1761 1070 circa

428 1104 686 1142 maioritatem
719 1103 965 1150 contendere,
1000 1103 1068 1141 sed
1106 1110 1212 1141 actus
1250 1103 1470 1142 humilitatis
1508 1110 1544 1142 et
1578 1104 1819 1142 servitutism

428 1175 640 1214 secundum
674 1175 839 1213 formam
875 1175 1141 1224 apostolorum
1173 1175 1382 1220 intendere,
1415 1175 1540 1213 sciens
1578 1176 1683 1225 quod
1721 1177 1760 1213 in

426 1246 502 1285 hoc
536 1253 715 1297 expectat
748 1247 822 1284 vita
862 1259 931 1284 sua
969 1246 1195 1284 abscondita
1232 1246 1271 1282 in
1306 1245 1432 1284 Cristo
1466 1247 1761 1285 retribucionem

144 1317 372 1352 Thisgreatness
427 1319 625 1357 maiorem.
682 1318 760 1356 Ista
793 1325 921 1356 autem
955 1318 1152 1355 maioritas
1192 1318 1304 1355 debet
1343 1318 1529 1356 abscondi
1564 1331 1586 1356 a
1616 1319 1760 1366 seculo,

144 1358 218 1378 must
234 1354 268 1379 be
282 1355 364 1380 wholl

368 1364 387 1388 Y

143 1387 369 1418 apartfwmthe
427 1390 521 1428 sicut
552 1390 750 1428 thesaurus
788 1390 987 1439 preciosus
1026 1389 1273 1427 absconditur
1311 1402 1334 1427 a
1371 1390 1549 1439 prudenti
1586 1390 1758 1428 hostibus

143 1420 238 1446 world.

143 1463 411 1526 ’ἕζξῐξὲἓξέξτῗέῑ
426 1462 692 1511 circumsepto.
750 1460 1008 1498 Maioritatem
1039 1467 1167 1498 autem
1198 1461 1408 1498 secularem
1438 1461 1486 1498 ad
1516 1462 1638 1499 maius
1659 1463 1757 1511 peri·
1775 1476 1812 1506 15

142 1531 190 1557 the
203 1541 298 1564 power

140 1565 272 1598 assigned
291 1566 350 1593 him

141 1598 214 1625 God.

140 1676 175 1702 In
188 1677 266 1703 itself
275 1678 322 1704 the

139 1717 263 1743 greatest
276 1721 370 1745 power
384 1713 407 1740 is

139 1745 201 1770 that
215 1745 252 1777 by
266 1746 357 1772 which

140 1787 204 1804 man
218 1779 242 1804 is
256 1780 372 1806 marked

139 1817 188 1837 out
201 1821 232 1838 as
245 1813 305 1839 heir
317 1814 350 1839 of

139 1845 247 1872 heaven
257 1854 264 1877 ;
281 1856 299 1872 a
311 1856 390 1879 powe

421 1533 550 1571 culum
572 1539 725 1583 oportet
745 1532 893 1569 mundo
914 1532 1127 1579 ostendere,
1151 1539 1188 1570 et
1209 1533 1262 1570 sic
1285 1545 1363 1578 rex,
1387 1533 1550 1570 vicarius
1571 1533 1718 1571 deitatis
1731 1533 1755 1579 ¹,

420 1604 535 1642 habet
565 1605 761 1642 racionem
790 1604 963 1641 eiusdem
992 1604 1216 1641 maioritatis
1238 1604 1277 1640 in
1298 1610 1489 1653 potestate
1520 1617 1637 1654 quarn
1659 1605 1752 1643 deus

420 1675 491 1713 sibi
513 1675 712 1713 distribuit.
771 1675 1001 1724 Simpliciter
1029 1682 1159 1712 autem
1188 1675 1358 1712 maxima
1386 1681 1556 1725 potestas
1585 1676 1754 1714 hominis

370 1568 409 1601 by

371 1756 388 1773 a
419 1754 476 1785 est
506 1759 584 1796 qua
617 1746 828 1784 destinatur
860 1746 919 1783 dei
951 1746 1062 1792 filius,
1093 1747 1201 1796 regni
1233 1746 1354 1793 heres,
1388 1747 1438 1784 ita
1469 1747 1575 1796 quod
1607 1760 1654 1785 ne
1686 1748 1751 1785 fiat

394 1857 406 1874 r
419 1818 622 1856 contencio
641 1817 830 1855 ordinavit
851 1818 945 1855 deus
965 1824 1006 1854 ut
1026 1818 1072 1855 sit
1100 1818 1214 1856 nobis
1242 1818 1494 1867 incognitum.
1551 1818 1659 1856 Patet
1680 1819 1752 1856 ista
1769 1829 1809 1851 20

139 1879 230 1905 WhiCh
246 1881 308 1906 ‘30⁶¹
323 1882 372 1907 *¹²⁵
419 1889 614 1926 sentencia
645 1888 784 1926 Matth.
822 1891 881 1934 18,
913 1889 978 1925 ubi
1018 1889 1212 1938 discipulis
1251 1890 1497 1938 querentibus
1535 1890 1620 1939 quis
1654 1891 1750 1928 foret
1765 1899 1863 1931 Matt.
1881 1901 1970 1931 xviii.

139 1913 277 1940 therefore
291 1923 353 1940 con-

137 1947 235 1974 “eastd
248 1948 319 1974 '³⁰¹¹‘
331 1957 372 1975 ¹¹⁵·
418 1959 543 1997 maior
566 1960 606 1996 in
629 1966 709 1997 tota
732 1959 890 1997 ecclesia
919 1959 1089 1997 diffinivit
1110 1960 1293 2009 magister
1313 1961 1418 2009 quod
1442 1961 1631 2007 humilior,
1656 1952 1794 1999 sieut4·

136 2603 282 2637 Seculariy
293 2605 342 2631 the

136 2637 215 2670 King
227 2638 250 2664 is
259 2645 355 2671 greate

416 2030 597 2080 parvulus
617 2043 733 2080 quem
756 2031 930 2079 signavit.
987 2030 1036 2068 Et
1066 2031 1155 2081 quia
1179 2032 1355 2080 congruit
1386 2032 1490 2081 quod
1521 2032 1567 2070 de
1597 2033 1749 2070 maiori-

417 2108 492 2140 tate
512 2102 672 2139 seculari
693 2102 762 2140 fuit
784 2102 909 2140 futura
935 2103 1140 2140 contencio
1173 2103 1298 2140 statim
1325 2104 1520 2153 subiungit
1550 2103 1595 2140 l'e
1614 2106 1748 2141 mundo

416 2186 440 2210 a
472 2174 670 2210 scandalis.
740 2173 789 2210 Et
811 2181 865 2222 30,
887 2179 928 2210 ut
958 2174 1191 2223 imprimeret
1223 2174 1477 2211 maioritatem
1513 2175 1746 2224 simpliciter,
1764 2187 1802 2219 25

416 2243 507 2281 dicit
528 2244 633 2294 quod
653 2257 732 2282 non
753 2245 824 2283 nisi
844 2245 1054 2282 humilitate
1068 2246 1214 2283 venitur
1225 2246 1274 2283 ad
1290 2258 1451 2295 regnum
1466 2259 1476 2293 ;
1507 2246 1600 2284 tales
1617 2255 1744 2285 autem

415 2323 507 2364 aput
523 2315 638 2352 deum
659 2322 748 2353 sunt
760 2314 773 2334 ²
793 2316 1105 2363 honorabiliores,
1123 2328 1212 2354 cum
1226 2316 1354 2365 angeli
1370 2329 1504 2355 eorum
1521 2325 1745 2356 attestantur

415 2385 719 2434 magnitudinem
753 2399 888 2424 eorum
920 2387 1078 2425 ecclesie
1108 2387 1370 2437 triumphanti.
1426 2388 1486 2425 Ex
1515 2388 1595 2426 istis
1616 2397 1742 2427 autem
1759 2400 1800 2429 Β.

415 2461 453 2492 et
483 2455 564 2493 aliis
595 2456 887 2495 condicionibus
916 2458 1237 2495 concernentibus
1262 2464 1402 2496 statum
1424 2459 1523 2508 regis
1544 2460 1744 2498 manifeste

414 2526 656 2565 concluditur
688 2528 795 2577 quod
832 2536 1018 2578 quantum
1056 2529 1105 2567 ad
1143 2529 1423 2567 secularitatem
1462 2543 1527 2567 rex
1562 2531 1610 2568 sit
1648 2544 1744 2582 quo·
1757 2539 1800 2570 30

358 2649 371 2666 r
416 2609 581 2648 cumque
619 2599 819 2637 sacerdote
858 2612 941 2647 suo,
979 2601 1101 2638 eciam
1149 2613 1261 2650 papa,
1300 2601 1423 2639 maior
1435 2614 1444 2647 ;
1493 2614 1581 2639 cum
1630 2603 1741 2640 istam

135 2671 203 2697 than
216 2681 273 2705 any
286 2673 379 2706 priest,
415 2669 671 2706 maioritatem
700 2682 779 2708 non
809 2671 1050 2709 extendimus
1083 2672 1130 2709 ad
1166 2672 1346 2717 Cristum,
1379 2674 1469 2722 quia
1499 2674 1641 2721 regalia
1673 2687 1741 2712 sua

135 2713 205 2730 even
219 2706 286 2732 than
300 2707 348 2733 the

134 2746 216 2771 pope.

414 2740 565 2777 excedit
598 2753 757 2779 omnem
789 2742 903 2779 aliam
936 2743 1129 2792 regaliam,
1159 2749 1196 2780 et
1228 2750 1382 2793 propter
1415 2744 1739 2793 inperfeccionem

414 2817 532 2848 status
553 2823 632 2849 non
653 2819 709 2850 est
728 2825 851 2862 capax
871 2814 1093 2851 maioritatis
1122 2814 1341 2852 huiusmodi
1372 2817 1603 2865 temporalis.
1663 2817 1738 2855 Sed

413 2881 638 2928 notandum,
659 2890 848 2932 quantum
867 2884 917 2921 ad
937 2885 1138 2934 imperium
1159 2885 1258 2934 regis
1278 2898 1393 2935 super
1419 2888 1669 2936 presbiterum
1691 2889 1738 2925 ad
1751 2898 1790 2929 35

1124 2964 1135 2982 2

479 2962 487 2979 ¹
512 2962 642 2995 deitatis
659 2964 807 3005 vicarius,
825 2965 892 2997 ord.
914 2965 983 2997 inv.
1003 2972 1033 2996 B.
1158 2971 1231 2998 sunt
1248 2972 1326 3008 aput
1342 2967 1450 3007 deum,
1466 2968 1534 3000 ord.
1553 2969 1621 3000 inv.
1640 2977 1669 2999 B.
