2018 3401
688 308 752 339 DE
784 306 977 339 OFFICIO
1010 307 1164 338 REGIS.

256 415 413 462 populos
432 411 646 463 peccatum.'
668 417 753 450 tunc
776 425 929 462 regnum
950 411 1076 449 stabile
1098 412 1261 448 creditur
1289 423 1370 447 cum
1390 411 1498 458 culpa
1524 422 1589 457 que

263 488 495 534 cognoscitur
527 487 640 522 cicius
670 485 891 521 emendatur.
948 483 1034 520 Ideo
1067 496 1148 519 cum
1183 495 1296 519 causa
1327 483 1434 518 ruine
1459 482 1594 529 populi

263 562 350 594 sunt
366 558 566 594 sacerdotes
585 558 682 593 mali
707 555 808 606 (quis
826 556 918 592 enim
942 561 1015 603 pro
1035 555 1198 603 peccatis
1219 554 1356 602 populi
1376 554 1589 589 intercessor

262 641 298 665 se
317 629 458 674 obiciat,
474 630 513 665 si
529 629 698 665 sacerdos
716 629 785 676 qui
799 639 960 664 exorare
975 626 1146 663 debuerat
1156 627 1345 674 graviora
1365 626 1528 660 comittal
1538 622 1587 672 P),

230 709 247 740 5
263 713 307 736 ac
336 701 375 736 in
406 701 537 736 vestris
558 699 735 748 partibus
764 698 964 734 sacerdotes
991 697 1169 745 impudice
1193 700 1227 732 et
1253 696 1413 744 nequiter
1439 706 1586 730 conver-

262 775 408 816 santur,
448 771 501 807 ad
534 771 596 807 lzec
634 770 839 807 ulciscenda
878 769 1041 805 debemus
1081 768 1255 804 ardenter
1292 778 1509 814 consurgere
1545 777 1587 801 ne

255 848 458 889 paucorum
476 842 641 892 facz'nus
670 842 721 877 sit
747 841 944 877 multorum
968 839 1147 888 perdicio.
1205 836 1261 874 Et
1287 838 1450 886 sequitur
1461 849 1474 872 .·
1501 843 1586 884 per-

258 926 396 959 sonam,
427 914 466 949 si
486 914 659 961 precipis,
688 925 770 948 cum
802 915 921 948 nostre
951 911 1182 947 auctoritatis
1214 921 1364 945 assensu
1394 909 1585 944 tratzsmit-

259 986 380 1029 timus,
401 997 466 1033 que
486 997 560 1020 una
581 997 661 1020 cum
682 984 769 1020 aliis
788 981 1034 1019 sacerdotibus
1061 981 1123 1017 lzec
1144 986 1176 1017 et
1193 981 1372 1017 subtiliter
1390 992 1536 1027 querere
1555 983 1589 1014 el

209 1063 248 1084 10
259 1056 454 1092 secundum
485 1057 587 1092 deum
619 1056 740 1092 debeat
765 1055 964 1091 emendare.
1021 1052 1102 1089 A'ec
1120 1057 1208 1088 sunl
1231 1051 1502 1087 dissimulanda
1521 1063 1586 1098 que

259 1127 426 1172 dicimus,
453 1128 540 1175 quia
569 1128 637 1175 qui
665 1126 852 1163 emendare
883 1128 999 1173 potest
1029 1128 1062 1160 et
1092 1124 1247 1171 negligit
1272 1123 1491 1170 participem
1526 1134 1561 1157 se
1574 1119 1584 1138 ¹

248 1199 388 1245 procul
414 1198 519 1234 dubio
545 1199 670 1234 delicti
694 1198 889 1234 constituit.
945 1196 1142 1232 Providele
1172 1195 1292 1242 igitur
1321 1194 1440 1229 anime
1459 1196 1583 1237 vestre,

247 1269 436 1316 providete
451 1270 633 1318 nepotibus
654 1269 785 1305 vestris
804 1281 892 1316 quos
912 1268 1045 1315 cupitis
1065 1278 1225 1314 regnare
1237 1265 1415 1315 scithim,
1429 1264 1585 1312 provide

249 1340 470 1387 provinciis,
491 1344 524 1376 et
531 1341 756 1388 priusquam
777 1343 921 1375 creator
940 1342 1058 1374 noster
1077 1349 1224 1373 manum
1246 1348 1350 1372 suam
1371 1336 1424 1371 ad
1433 1335 1582 1384 ferien-

206 1416 241 1448 15
257 1411 342 1446 dum
373 1411 549 1447 excuciat
584 1411 624 1446 de
662 1411 886 1447 correccione
918 1409 1027 1445 liuius
1057 1409 1200 1445 sceleris
1232 1408 1387 1444 studiose
1416 1407 1579 1454 cogitate.

38 1477 86 1507 30
103 1485 133 1507 ἃ·
255 1480 357 1518 Ecce
387 1482 581 1519 sentencia
605 1494 723 1531 quam
743 1481 820 1518 dixi
842 1481 888 1518 de
909 1480 1008 1529 regis
1023 1479 1148 1517 officio
1165 1476 1380 1528 tripartit02.
1404 1476 1421 1496 '¹‘
1439 1478 1452 1497 ³
1466 1477 1580 1514 Unde

253 1553 320 1601 qui
354 1553 584 1601 dogmatisat
615 1553 769 1601 regibus
798 1552 1028 1590 contrarium
1058 1550 1144 1587 huic
1171 1550 1361 1587 sentencie
1382 1555 1437 1586 est
1458 1548 1581 1584 mani-

253 1623 370 1660 festus
390 1635 522 1661 eorum
543 1624 727 1673 proditor,
743 1635 833 1661 cum
853 1622 1008 1660 molitor
1022 1622 1178 1671 perdere
1199 1622 1420 1670 precipuam
1437 1620 1579 1668 regiam

253 1702 495 1744 potestatem.
552 1696 648 1733 Ideo
679 1695 812 1744 procul
844 1707 866 1731 a
901 1694 1057 1738 clericis,
1087 1699 1124 1730 et
1151 1689 1332 1742 precipue
1362 1705 1384 1728 a
1412 1703 1514 1740 papa
1543 1693 1581 1727 et

203 1778 242 1800 20
254 1766 354 1815 regis
376 1766 516 1815 legii34,
537 1766 755 1804 contrariari
774 1766 835 1803 isti
856 1765 1060 1802 sentencie.
1116 1764 1162 1800 In
1182 1763 1256 1801 hoc
1277 1763 1377 1800 enim
1400 1762 1580 1811 precipue

256 1837 444 1874 debemus
482 1837 672 1875 honorem
710 1837 876 1885 regibus,
915 1843 952 1873 et
991 1841 1145 1885 propter
1182 1834 1474 1873 ommissionem
1512 1844 1579 1869 eos

36 1913 164 1944 Decret.
253 1915 539 1957 contempnere,
561 1909 711 1946 dicente
727 1908 882 1945 decreto
903 1908 994 1944 xxiii
1016 1919 1051 1955 q.
1072 1919 1110 1944 v:
1137 1913 1145 1924 ‘
1159 1906 1280 1942 Dicat
1296 1902 1455 1953 aliqzus,'
1474 1904 1583 1941 Sicut

35 1963 201 2040 {2}less
207 2008 236 2040 5·
242 1980 480 2028 principibus
499 1985 532 2016 et
549 1979 786 2028 potestatibus
803 1979 917 2028 fidem
939 1983 973 2015 et
998 1979 1239 2015 reverenciam
1267 1981 1448 2024 coguntur
1470 1976 1578 2012 exhi-

248 2051 337 2097 bere,
346 2053 398 2088 ita
410 2053 628 2088 secularium
642 2052 862 2099 dignitatum
876 2049 1262 2087 administi·aczo7zz'l)1ts
1274 2047 1576 2095 chfl’ndendarum

199 2139 237 2171 25
251 2124 484 2160 ecclesiarum
505 2124 693 2160 necessitas
712 2123 897 2159 incumbit.
949 2121 1056 2167 Quod
1071 2122 1108 2157 si
1107 2121 1244 2169 facere
1263 2119 1538 2167 contempserint
1554 2131 1578 2154 a

251 2196 459 2231 comunione
492 2199 579 2230 sunt
606 2194 807 2242 repellendi.
864 2193 914 2229 Et
952 2199 1106 2241 propter
1136 2190 1234 2227 istud
1264 2190 1433 2227 officium
1469 2202 1577 2238 reges

35 2276 201 2308 Dis‚xv1,
250 2277 336 2302 vere
384 2265 473 2302 dicti
522 2272 608 2302 sunt
653 2265 866 2314 pontifices,
910 2270 950 2300 ut
992 2269 1095 2312 patet
1138 2262 1198 2298 xvi
1237 2260 1497 2304 distinccione‚
1537 2261 1578 2296 de

1782 303 1863 348 135

34 2335 106 2366 Dis.
123 2344 199 2368 XX!-
249 2337 434 2384 capitulzs,
457 2341 494 2373 et
519 2336 584 2372 xxi
606 2335 867 2378 disfinccione,
887 2334 1024 2371 Clcros.
1081 2333 1164 2370 Nec
1185 2332 1283 2369 valet
1304 2332 1453 2369 dicere5
1472 2332 1574 2380 quod
1588 2343 1649 2369 The
1663 2343 1821 2375 higberthe

33 2388 60 2410 C.
81 2388 109 2411 1.

251 2407 338 2444 licet
375 2407 610 2445 secularibus
649 2407 784 2456 punire
832 2405 1023 2454 simplices
1072 2403 1290 2441 sacerdotes
1329 2415 1408 2440 non
1447 2411 1573 2441 autern
1587 2377 1835 2437 {figliuffigri'gssssf'

197 2489 238 2520 30
251 2479 478 2528 superiores,
501 2479 590 2528 quia
619 2479 658 2515 in
685 2477 756 2514 illis
785 2484 843 2514 est
873 2476 984 2525 culpa
1013 2476 1174 2525 gravior,
1202 2474 1467 2512 inobediencia
1495 2475 1572 2523 regi
1586 2445 1855 2516 {Zagffgs‘zfflssfi‘

1586 2520 1634 2544 ing
1650 2512 1719 2539 him.

250 2551 382 2596 maior,
403 2556 439 2587 et
459 2550 715 2600 irregularitas
735 2560 856 2597 regno
877 2547 1134 2597 periculosior.
1191 2546 1276 2584 Nec
1305 2546 1574 2596 temporalium

292 2693 301 2712 ¹
327 2705 370 2731 se,
393 2705 453 2725 om.
479 2703 512 2725 Α.
661 2694 673 2711 ²
693 2699 723 2725 et
746 2693 905 2734 ripertsto,
930 2701 962 2723 A.
1110 2692 1122 2709 ³
1146 2692 1239 2723 llinc
1263 2692 1297 2731 (a
1320 2692 1426 2723 media
1448 2694 1504 2725 col.
1532 2702 1572 2733 29

247 2758 271 2777 c.
290 2747 364 2777 ill-5¹.
384 2746 429 2783 Β.)
454 2757 555 2787 usque
575 2747 621 2776 ad
630 2746 738 2787 finem
763 2747 816 2776 col.
840 2755 878 2786 29
901 2745 930 2775 d.
952 2745 1044 2775 nihil
1063 2745 1220 2785 scriptum
1244 2749 1300 2782 est,
1323 2745 1571 2784 impedientibus

244 2799 365 2830 litteris
387 2799 526 2838 paginae
544 2799 765 2839 praecedentis
790 2799 824 2829 ol}
852 2798 1044 2828 tenm'latem
1072 2797 1216 2827 cartulae
1240 2806 1361 2826 necnon
1387 2797 1574 2837 afinmenti

244 2851 424 2881 acritatem.
557 2850 567 2867 ⁴
590 2851 694 2891 ligneis,
728 2858 756 2880 Β.
891 2849 902 2865 ⁵
928 2849 969 2878 ln
1003 2858 1124 2887 marga:
1151 2847 1257 2889 Reges
1285 2847 1434 2878 dicuntur
1461 2848 1569 2889 ponti-

245 2901 331 2939 fices,
349 2910 379 2932 B.
