2018 3401
81 1006 215 1043 Isidore,

726 327 789 358 DE
822 327 1015 360 OFFICIO
1049 327 1203 360 REGIS.
1824 330 1902 374 147

305 431 477 469 seculare
499 428 723 479 dominium,
747 432 841 470 sicut
855 433 917 470 dat
937 433 999 470 illa
1013 446 1086 483 que
1106 447 1172 483 per
1193 446 1231 471 se
1253 441 1428 483 spectant
1448 435 1498 472 ad
1518 447 1631 473 suum

303 502 480 548 officium,
498 515 577 540 non
593 511 680 540 sunt
696 504 875 541 credendi
893 505 964 541 nisi
978 505 1238 551 fundaverint;
1261 506 1408 543 Cristus
1424 507 1526 544 enim
1541 507 1631 544 dicit

303 574 388 622 quis
404 586 492 611 eum
512 574 706 611 constituit
728 574 893 612 iudicem
914 581 978 612 aut
999 576 1201 613 divisorem
1223 589 1338 625 super
1359 579 1455 615 eos?
1513 577 1630 615 Aliud

302 644 430 693 itaque
451 651 507 682 est
534 645 611 682 fieri
633 645 857 682 auctoritate
879 646 1046 683 hominis
1066 654 1103 684 et
1125 647 1227 684 aliud
1247 648 1327 685 eius
1345 649 1518 686 consilio.

271 725 288 756 5
358 715 434 752 Sed
463 716 621 753 dubium
649 723 706 753 est
736 717 765 753 si
795 729 947 766 semper
977 717 1023 754 sit
1052 717 1173 754 clerus
1202 730 1291 755 cum
1320 719 1552 766 sacerdocio,
1592 726 1629 757 et
1641 731 1873 791 21203233313·

302 792 447 822 certum
479 794 534 824 est
567 789 671 836 quod
705 799 806 825 non:
850 800 919 837 pro
955 801 1032 838 quo
1071 789 1285 827 notandum
1325 790 1430 839 quod
1466 790 1629 828 ecelesia
1642 799 1736 858 111?thss
1740 798 1906 859 gtritegttiffiod

297 856 415 893 instar
438 857 603 895 hominis
632 865 729 895 etate
754 860 956 896 crescentis
983 860 1108 909 primo
1130 860 1220 897 vixit
1247 861 1466 899 indistincte
1487 869 1523 899 et
1543 862 1627 898 uni·
1641 867 1757 907 clergy‘?

1668 901 1702 926 he
1715 906 1841 927 answer:

297 926 466 965 formiter
504 929 612 978 quasi
650 929 791 978 planta.
867 930 914 967 In
956 931 1090 979 prima,
1132 931 1304 980 inquam,
1344 938 1443 969 etate
1493 933 1626 970 mundi
1641 934 1707 960 N0!

298 998 408 1035 simul
440 998 591 1036 fuerunt
622 999 798 1037 homines
826 1014 935 1050 reges
956 1008 992 1039 et
1014 1002 1243 1049 sacerdotes,
1268 1009 1307 1039 ut
1329 1003 1419 1040 dicit
1439 1002 1626 1041 Ysidorus
1639 984 1821 1050 ffiffifflg'?
1827 993 1907 1043 2:251oe

80 1050 270 1126 {fflmfs'ffg
298 1069 346 1105 vii
381 1069 725 1119 etymologiarum¹
755 1072 921 1119 capitulo
957 1073 1019 1109 xii.
1078 1073 1153 1110 Sed
1192 1080 1366 1122 tempore
1406 1074 1501 1123 legis
1539 1052 1757 1144 datecssiessiiasfi
1771 1052 1898 1144 ὺέῗνέεη

83 1147 109 1169 c·
128 1137 183 1168 xii.
298 1140 397 1188 cepit
429 1153 570 1190 corpus
604 1142 762 1178 ecclesie
794 1142 934 1180 habere
962 1143 1253 1182 distinccionem
1285 1145 1382 1182 inter
1414 1146 1559 1183 clerum
1590 1153 1626 1183 et
1639 1125 1886 1211 {zitregsyfffigmhtffiy

298 1210 437 1258 laycos,
478 1212 640 1249 vivendo
678 1213 801 1262 magis
840 1214 1049 1263 dispariter,
1084 1215 1195 1264 quasi
1233 1215 1375 1252 animal
1415 1216 1626 1253 secundum
1640 1195 1765 1246 {wigo
1791 1193 1800 1212 t
1823 1195 1838 1212 e

81 1286 284 1316 Fol.145a,
298 1281 468 1318 animam
507 1283 735 1320 sensitivam.
793 1283 905 1322 Tunc
944 1286 1047 1321 enim
1089 1285 1106 1304 ²²
1144 1286 1263 1323 divisa
1291 1294 1347 1323 est
1381 1287 1501 1323 tribus
1533 1286 1625 1324 Levi

78 1353 205 1403 Josliua
298 1352 347 1388 ab
381 1353 464 1390 aliis
503 1353 684 1399 tribubus,
715 1361 751 1391 et
783 1362 881 1392 terra
910 1356 1176 1404 promissionis
1206 1357 1324 1394 divisa
1355 1357 1392 1393 in
1423 1358 1474 1394 xii
1505 1365 1625 1396 sortes

79 1407 168 1428 xvul.

78 1852 238 1883 Aristotle

75 2495 120 2523 32
137 2495 172 2526 b.

246 1436 283 1468 15
297 1423 562 1472 hereditatum,
586 1432 626 1462 ut
652 1432 756 1475 patet
777 1427 891 1464 Iosue
917 1430 974 1464 18.
1008 1427 1058 1465 Et
1079 1429 1202 1477 prima
1224 1430 1342 1466 tribus
1365 1429 1457 1466 Levi
1479 1431 1625 1479 accepit

296 1494 412 1532 deum
441 1495 480 1532 in
512 1503 653 1533 sortem
680 1498 843 1535 vivendo
876 1511 968 1547 pure
1002 1499 1049 1536 de
1081 1499 1252 1545 decimis,
1283 1501 1553 1538 oblacionibus
1587 1509 1624 1539 et

295 1566 448 1614 privatis
478 1567 707 1614 elemosinis,
743 1576 782 1605 ut
817 1570 968 1606 ostendi
1000 1571 1174 1619 superius
1208 1584 1255 1608 ex
1291 1572 1487 1620 scriptura.
1547 1572 1622 1610 Sed
1636 1580 1887 1640 {Sst¹>;‚g=frittlll18the

1635 1632 1642 1639 ι
1676 1624 1725 1639 Vel]

295 1637 412 1673 tercio
460 1644 633 1687 ternpore
672 1638 765 1687 legis
803 1640 929 1688 gracie
971 1641 1070 1689 cepit
1107 1653 1248 1694 corpus
1286 1642 1443 1680 ecclesie
1483 1643 1858 1707 haberetlsstzxffiftsszffgn

294 1707 479 1744 maiorem
518 1708 809 1746 distinccionem
848 1711 944 1747 inter
977 1711 1123 1748 clerum
1155 1719 1191 1749 et
1228 1713 1357 1759 laicos,
1393 1713 1495 1751 clero
1529 1727 1621 1763 pure
1636 1724 1692 1741 ΜΞ
1707 1715 1873 1748 COmpleted·

295 1779 590 1827 exproprietarie
612 1787 796 1829 tanquam
813 1782 953 1819 animal
969 1783 1160 1820 racionale
1182 1784 1230 1820 ad
1251 1784 1404 1821 celestia
1420 1785 1621 1834 aspirante.

78 1895 111 1926 D
137 1897 167 1927 A
194 1897 199 1902 “
241 1877 270 1926 ‚l
294 1849 344 1886 Et
377 1850 428 1886 ita
460 1850 554 1887 sicut
585 1850 674 1887 dicit
706 1851 931 1890 Aristoteles
965 1856 1010 1890 18
1037 1854 1084 1891 de
1117 1855 1343 1892 animalibus
1375 1856 1542 1905 capitulo
1566 1858 1622 1894 vi0
1636 1872 1731 1897 These
1744 1871 1822 1897 three

114 1906 130 1926 e
170 1907 281 1927 nlma.

296 1920 401 1969 quod
435 1920 554 1958 homo
587 1922 712 1970 primo
738 1923 823 1960 vivit
858 1923 896 1960 in
930 1931 1039 1962 utero
1068 1926 1143 1962 vita
1176 1926 1316 1975 plante,
1349 1928 1519 1965 secundo
1549 1929 1621 1965 vita
1636 1912 1900 1998 {tffissg‘tf'i‘eiessitree

1636 1979 1729 2005 stages
1743 1983 1759 1999 o
1784 1983 1800 2005 p
1814 1982 1847 1999 an
1864 1989 1872 1993 -

295 1991 482 2038 animalis,
517 1999 553 2030 et
593 1994 710 2031 tercio
745 1994 819 2031 vita
859 1994 1036 2041 hominis,
1068 1997 1119 2034 sic
1159 1998 1455 2047 concipiendum
1490 2007 1545 2036 est
1576 2000 1622 2037 de
1635 2006 1692 2065 ἕξεί
1707 2006 1880 2066 ετζίῐπῖηῧΙΓ-Ιίῑε,

1706 2050 1741 2065 m1
1772 2057 1779 2060 -
1815 2051 1838 2071 e,

293 2062 450 2100 homine
481 2064 546 2113 qui
578 2071 633 2101 est
664 2066 836 2112 ecclesia,
859 2074 894 2103 et
927 2067 979 2104 sic
1012 2074 1099 2104 sunt
1131 2075 1205 2105 tres
1235 2069 1376 2117 gradus
1401 2070 1438 2105 in
1465 2070 1621 2115 clericis,
1635 2073 1726 2133 ἓξὲξ
1738 2074 1874 2133 ᾗξτῐῐῑιῑθοῑῑε

296 2134 437 2171 scilicet
468 2135 585 2184 regali
624 2138 910 2185 prepamcione,
951 2138 1086 2175 actuali
1127 2139 1383 2187 disposicione
1421 2147 1457 2177 et
1497 2141 1897 2178 saC1·a-g¹0⁸⁸'1}¹0f2²¹¹¹³¹¹·

242 2223 279 2254 25
295 2205 450 2242 mentali
467 2206 724 2244 institucione.
775 2207 931 2256 Moyses
947 2209 1050 2245 enim
1068 2209 1133 2245 suit
1149 2210 1380 2259 principium
1397 2211 1621 2248 clericorum

299 2275 338 2310 in
369 2275 454 2323 lege
474 2277 596 2320 veteri,
618 2277 681 2325 qui
708 2276 776 2314 fuit
804 2290 872 2326 per
892 2291 931 2315 se
951 2285 988 2315 et
1019 2279 1237 2317 immediate
1267 2281 1463 2318 ordinatus
1495 2294 1516 2319 a
1547 2282 1620 2320 deo

298 2345 378 2382 sine
411 2354 651 2384 sacramento
684 2348 860 2393 sensibili,
882 2355 921 2385 ut
952 2361 1062 2398 reges
1082 2356 1119 2387 et
1139 2351 1354 2389 sacerdotes
1382 2352 1526 2401 priores
1555 2353 1619 2402 qui

298 2428 377 2453 non
407 2424 513 2454 erant
543 2417 677 2455 clerici.
734 2418 895 2468 Oportet
923 2421 1023 2456 enim
1045 2421 1213 2458 medium
1234 2424 1462 2461 continuans
1481 2437 1619 2461 conve·
1632 2441 1770 2467 Thusffie
1784 2441 1878 2475 dergy

296 2487 376 2523 nire
400 2486 417 2505 '¹‘
442 2488 758 2536 quoddammodo
779 2502 865 2527 cum
886 2492 1075 2529 extremis.
1134 2492 1224 2530 Toti
1247 2494 1374 2543 itaque
1395 2495 1506 2532 tribui
1528 2494 1617 2532 Levi
1632 2475 1717 2540 Effe}
1730 2484 1862 2535 ῗοῗὶιιῗζιῗι

241 2581 281 2611 30
296 2564 497 2606 preparata
518 2566 573 2596 est
595 2572 678 2597 sors
698 2561 756 2597 vel
777 2560 962 2598 hereditas
988 2561 1034 2599 de
1064 2570 1168 2612 parte
1197 2560 1354 2609 domini,
1376 2565 1507 2603 Aaron
1528 2542 1863 2634 ve1·o{³}iett}:}1¹sesi2i1¹firigrit

1644 2618 1660 2634 0
1694 2618 1748 2634 len]
1765 2619 1780 2634 O
1804 2618 1821 2634 ss.

295 2635 330 2665 ct
351 2629 410 2664 alii
433 2630 651 2668 sacerdotes
676 2632 739 2679 qui
769 2633 979 2669 consecrati
1010 2640 1097 2670 sunt
1126 2635 1337 2672 secundum
1367 2637 1478 2673 ritum
1499 2638 1616 2674 sensi·
1630 2642 1878 2701 gffgssiffioffi⁵i²i⁰¹¹

294 2699 408 2735 bilem
443 2706 550 2737 erant
581 2701 617 2737 in
649 2702 821 2739 secundo
853 2703 974 2751 gradu
1005 2703 1138 2741 clerici.
1197 2705 1271 2743 Sed
1301 2707 1428 2753 tercio,
1461 2707 1618 2756 quando
1631 2709 1896 2769 ἒῐοῗῗζᾶἒςῗὲἀῑὴῡγ

297 2782 364 2819 per
394 2770 588 2808 Christum
603 2770 625 2817 ²,
654 2773 717 2821 qui
748 2773 813 2810 suit
845 2786 1017 2810 summus
1049 2774 1219 2821 clericus,
1241 2776 1307 2813 suit
1337 2777 1462 2826 regale
1494 2777 1775 2836 Saces-ss}{{}{[¹1¹t¹ssd
1792 2810 1828 2843 by

295 2840 448 2877 docium
482 2841 750 2889 introductum,
785 2844 941 2880 instituti
973 2852 1060 2881 sunt
1091 2845 1214 2883 clerici
1247 2847 1458 2884 secundum
1491 2861 1616 2886 sacra·
1629 2843 1732 2869 ΟΜΝ·

426 2919 433 2938 ¹
459 2920 651 2959 ethicarum,
669 2929 704 2960 Α,
724 2930 752 2954 B.
871 2924 882 2939 “·’
905 2925 1087 2965 proximum
1106 2931 1169 2966 pro
1186 2937 1241 2967 per
1257 2927 1434 2967 Christum,
1453 2937 1484 2959 Α.

916 2994 925 3017 1
963 2993 978 3007 θ
