2018 3401
688 312 752 343 DE
783 311 976 344 OFFICIO
1008 311 1162 343 REGIS.
1782 316 1862 358 219

258 416 370 465 igitur
391 416 495 465 quod
517 423 603 454 sunt
628 416 738 453 iurati
766 417 992 465 generaliter
1023 416 1226 454 defendere
1257 423 1431 454 sanctam
1460 416 1584 454 eccle-

260 488 366 533 siam,
388 488 497 525 iurati
529 495 615 524 sunt
645 487 869 537 generaliter
897 487 1027 536 regnis
1058 494 1095 525 et
1126 487 1281 537 regibus
1309 494 1346 524 et
1370 488 1409 524 in
1429 487 1503 526 hoc
1527 495 1584 525 est

258 571 357 596 onus
376 571 508 596 eorum
529 559 691 608 gravius,
713 565 749 596 et
769 571 887 608 regna
915 558 1057 595 debent
1084 558 1123 594 in
1153 570 1287 596 eorum
1318 558 1463 596 desidia
1492 560 1583 596 sub-

258 630 407 668 trahere
437 631 487 668 ab
515 631 568 668 eis
598 630 850 669 elemosinam
871 629 1113 680 corporalem
1132 637 1332 678 tamquam
1354 630 1582 668 infidelibus.

225 711 242 741 5
258 701 386 739 Potest
407 708 533 739 autem
553 702 709 740 exaccio
729 702 930 740 iuramenti
951 701 1036 739 talis
1063 701 1147 739 elici
1168 714 1235 750 per
1255 701 1383 739 locum
1405 713 1427 738 a
1447 701 1582 740 maiori
1595 708 1833 775 onhsxgagstvissgng-‚iss

256 784 302 809 ex
341 775 465 821 primo
499 773 743 810 decretalium
773 772 820 810 de
855 772 1060 819 eleccione,
1096 771 1344 822 Szgnz'ficaslz',
1381 773 1446 809 ubi
1481 785 1582 822 papa
1594 777 1862 837 giitclssfflass'fgretffi·

254 843 420 880 declarat
440 844 637 893 quomodo
658 843 803 882 Cristus
830 843 959 881 dando
988 856 1120 881 curam
1149 844 1279 881 ovium
1309 843 1580 881 condicionem
1594 844 1833 905 {fgnrssassleffffis

255 914 451 963 intelligitl
471 921 507 952 et
527 914 614 953 ideo
635 927 713 952 non
735 915 797 952 wlt
826 915 876 951 illi
895 914 1203 964 Archiepiscopo
1230 914 1320 951 dare
1342 914 1487 964 palium
1508 914 1580 951 nisi
1592 911 1744 978 ξζξοξζὲω
1756 911 1843 938 “³¹0¹‘'

254 985 511 1023 iuramentum
550 986 752 1035 prestiterit
785 986 833 1023 ad
871 985 987 1023 fidem
1025 993 1061 1023 et
1100 985 1363 1023 obedienciam
1403 985 1581 1023 Romane

204 1057 355 1094 iocurie
384 1057 676 1094 observandam.
735 1056 860 1094 Multo
892 1058 1015 1106 magis
1042 1069 1151 1106 reges
1177 1056 1250 1094 hoc
1280 1057 1505 1106 exigerent²
1535 1055 1581 1093 de

254 1128 361 1177 legiis
392 1128 470 1165 suis
500 1129 700 1177 indigenis,
731 1135 767 1166 et
799 1128 1013 1178 specialiter
1045 1127 1165 1165 Cesar
1196 1127 1244 1165 de
1278 1139 1348 1164 suo
1380 1127 1581 1165 sacerdote

254 1211 371 1248 quem
391 1212 413 1236 a
432 1199 518 1237 Deo
538 1199 851 1237 condicionaliter
872 1201 923 1237 sic
945 1199 1096 1236 dotavit.
1156 1198 1357 1245 Quantum
1378 1198 1427 1235 ad
1448 1198 1581 1236 fratres

253 1276 367 1319 patet,
400 1282 489 1307 cum
517 1270 590 1307 sint
614 1270 836 1307 humanitus
868 1270 1073 1307 inmediate
1105 1270 1176 1307 sub
1207 1281 1308 1318 papa
1337 1276 1373 1306 et
1397 1281 1477 1307 non
1508 1270 1579 1307 sub
1592 1276 1858 1343 ffitgzvlgssasstsfflge

254 1352 460 1389 regnorum
490 1341 690 1390 episcopis,
722 1341 974 1390 provinciales
1008 1353 1143 1378 eorum
1183 1340 1324 1378 debent
1355 1352 1438 1378 esse
1469 1341 1833 1410 iuratijcffgggsstssssssglss

202 1419 239 1450 15
253 1412 407 1460 regibus
427 1418 464 1449 et
485 1412 622 1460 regnis,
645 1418 681 1449 et
702 1412 740 1449 in
761 1412 853 1461 ipsis
879 1424 1016 1450 omnes
1037 1418 1074 1449 et
1095 1412 1233 1461 singuli
1264 1423 1398 1449 eorum
1429 1411 1579 1449 subditi.
1593 1412 1825 1477 ἓξὲἓηέζὲὥὲὴθ

37 1484 73 1513 C·
251 1481 300 1520 Et
321 1483 350 1520 si
371 1483 530 1520 obicitur
550 1483 656 1532 quod
677 1490 763 1520 sunt
783 1484 885 1521 bone
905 1483 993 1521 fidei
1024 1483 1111 1520 ideo
1141 1483 1253 1520 nimis
1282 1495 1394 1532 grave
1415 1483 1510 1520 foret
1530 1483 1579 1519 ab
1591 1479 1727 1546 {filgesssseg
1733 1481 1856 1547 ‘t’fisslgutgh

249 1554 303 1591 eis
341 1554 495 1602 exigere
533 1554 753 1592 insolitum3
791 1555 1059 1600 iuramentum,
1089 1553 1159 1591 hec
1199 1554 1397 1592 evidencia
1434 1554 1472 1591 in
1512 1566 1577 1592 ore
1590 1548 1663 1575 thffl‘
1680 1547 1855 1593 P‘0Vi”.052²¹⁵·

249 1625 519 1674 episcoporum
540 1624 697 1662 haberet
716 1625 952 1662 evidenciam
981 1625 1167 1662 maiorem
1188 1625 1237 1662 ad
1258 1637 1400 1674 papam
1421 1625 1579 1674 quando

35 1701 116 1731 Fol.
128 1703 196 1732 165
207 1711 237 1733 a.
252 1696 393 1745 incepit
413 1696 462 1733 ab
483 1696 538 1733 eis
557 1697 709 1745 exigere
725 1695 943 1734 huiusmodi
962 1695 979 1716 *
998 1690 1269 1733 iuramentumss
1313 1696 1363 1733 Et
1384 1708 1453 1745 per
1472 1695 1577 1733 idem

200 1782 239 1803 20
252 1778 332 1803 non
365 1766 498 1804 fierent
529 1767 742 1805 iuramenta
780 1767 933 1816 privatis
968 1767 1178 1805 ordinibus
1237 1766 1338 1804 Cum
1369 1767 1482 1816 igitur
1513 1780 1578 1804 ne-

250 1837 373 1875 sciunt
403 1837 535 1876 tollere
566 1838 656 1875 istas
685 1838 892 1875 instancias
920 1850 992 1875 nec
1018 1845 1207 1888 repugnat
1236 1838 1311 1887 legi
1331 1838 1490 1876 Domini
1522 1839 1576 1876 sic

248 1908 369 1945 iurare
401 1908 614 1957 procedant
645 1909 694 1946 ad
726 1909 1005 1946 diffamandum
1039 1909 1283 1946 serenitatem
1316 1909 1403 1946 fidei
1437 1922 1504 1947 sue
1536 1910 1574 1946 in

247 1979 393 2028 populo
426 1992 514 2017 cum
546 1980 576 2017 si
610 1980 684 2017 hoc
719 1980 894 2018 abimunt
927 1987 1014 2017 sunt
1049 1980 1226 2029 suspecti.
1284 1979 1414 2017 Potest
1446 1987 1573 2018 autem
1590 1986 1643 2011 For
1655 1986 1693 2019 by
1705 1987 1852 2019 betraying

1585 2020 1632 2045 the
1642 2021 1728 2050 truth,
1743 2030 1774 2046 or
1783 2021 1820 2053 by

247 2062 364 2087 omne
393 2063 514 2100 genus
545 2051 778 2100 prodicionis
808 2063 1016 2099 regnorum
1048 2051 1087 2087 in
1117 2051 1362 2088 societatibus
1383 2051 1459 2088 istis
1479 2064 1570 2089 con·
1583 2054 1820 2120 {gvii'ol'v'ssgffifflss

195 2132 232 2163 25
247 2120 406 2169 tingere,
428 2133 517 2158 cum
538 2128 696 2170 possent
715 2122 908 2159 veritatem
929 2121 1093 2170 prodere
1113 2128 1150 2158 et
1171 2122 1224 2158 sic
1244 2134 1417 2170 regnum.
1468 2121 1571 2159 Nam
1584 2121 1837 2186 ffifffi'effggffiffie

248 2198 410 2240 possunt
430 2192 625 2241 insurgere
647 2192 693 2230 de
714 2204 794 2230 uno
814 2192 947 2230 ordine
968 2192 1044 2230 duo
1065 2192 1318 2241 provinciales
1341 2192 1407 2241 qui
1427 2192 1570 2230 nedum
1584 2187 1820 2253 {ggffdpqggdaffim

247 2274 293 2299 ex
324 2262 509 2300 divisione
539 2275 609 2300 sua
638 2262 841 2300 intrinseca
860 2263 927 2300 sed
947 2275 993 2300 ex
1018 2263 1202 2300 divisione
1232 2263 1450 2300 inordinata
1470 2255 1817 2320 facta‘t'gebss‘ffissiijhffi‘

248 2332 344 2370 inter
362 2345 483 2382 papas
514 2340 551 2370 et
582 2346 650 2382 per
672 2345 912 2382 consequens
944 2333 1049 2382 regni
1080 2333 1191 2370 nimis
1222 2334 1446 2382 perturbent
1471 2347 1569 2371 rem·
1582 2322 1768 2383 ξξᾎῑῗζξζζΐὲξ
1786 2323 1818 2349 Of

247 2404 450 2452 publicam.
506 2404 673 2442 Possunt
691 2404 813 2442 eciam
834 2411 912 2441 tam
933 2404 971 2441 in
992 2404 1154 2454 publicis
1185 2405 1428 2442 sermonibus
1454 2417 1570 2454 quam

195 2489 235 2520 30
248 2475 286 2511 in
317 2475 471 2524 privatis
504 2475 864 2513 interlocucionibus
895 2487 1125 2513 conmovere
1154 2475 1308 2524 plebem
1329 2476 1368 2512 in
1389 2476 1570 2514 dominos

246 2552 284 2582 et
304 2545 445 2583 clerum
466 2546 505 2582 in
526 2546 656 2591 laicos,
679 2553 717 2583 et
737 2552 862 2595 preter
891 2546 1058 2583 offensas
1088 2547 1318 2595 proditorias
1347 2547 1569 2596 personales

247 2615 366 2653 factas
386 2616 424 2652 in
444 2617 565 2665 patria
579 2623 736 2666 possent
757 2629 845 2654 cum
865 2617 1039 2654 hostibus
1059 2617 1257 2654 forinsecis
1278 2618 1510 2666 conspirare,
1532 2626 1569 2655 et

247 2686 347 2724 facto
368 2687 516 2724 defectu
539 2695 840 2738 quantocunque
867 2695 996 2737 aperte
1028 2689 1216 2726 consorcii
1248 2689 1354 2725 inniti
1389 2689 1446 2725 isti
1478 2689 1569 2726 luci-

247 2757 366 2795 ferino
389 2758 585 2807 porismati
611 2759 717 2809 quod
741 2771 821 2796 non
853 2766 1008 2808 propter
1038 2768 1239 2808 peccatum
1266 2771 1430 2808 persone
1458 2758 1571 2796 debet

288 2848 298 2866 ¹
323 2849 487 2891 intelligit,
504 2861 564 2881 om.
583 2858 615 2881 Α.
704 2850 716 2867 ²
737 2862 820 2883 corr.
840 2851 922 2882 Edd.
934 2856 997 2892 pro
1013 2851 1205 2891 exsfflerent,
1223 2859 1257 2890 A,
1277 2859 1306 2883 Β.
1397 2850 1409 2868 ³
1432 2850 1569 2881 solitum

238 2910 301 2946 pro
318 2904 494 2944 insolitum,
511 2913 543 2936 Α.
