2018 3401
677 305 740 336 DE
774 304 968 337 OFFICIO
1002 305 1157 336 REGIS.
1776 306 1851 348 271

257 417 311 447 est
333 410 544 448 eternaliter
565 421 690 448 sermo
712 409 844 454 Patris,
868 417 997 446 tamen
1019 410 1121 458 prius
1142 415 1198 446 est
1220 420 1337 458 quam
1360 409 1421 446 illa
1443 410 1578 446 veritas

256 481 303 518 de
324 487 423 519 terra
453 487 537 519 orta
563 487 631 518 est,
688 480 802 517 Tunc
832 480 935 517 enim
967 481 1112 516 izcslz'cz'a
1139 484 1172 516 el
1190 486 1280 528 pax
1309 481 1465 516 osculale
1495 484 1583 516 sunl

253 552 410 601 quando
442 565 510 601 per
528 552 837 589 incarnacionem
858 550 975 588 Verbi
1004 551 1177 588 divinitas
1197 557 1234 588 et
1255 551 1470 588 humanitas
1492 558 1580 588 sunt

35 630 179 681 Songof
251 623 490 672 yppostatice
512 622 699 672 copulate.
743 622 853 659 quta
874 621 966 658 illud
988 620 1258 659 Canticoruml
1285 630 1350 659 10:
1387 621 1581 659 Osculelm·

35 674 104 706 Sol.
121 686 141 707 ¹·
164 685 190 708 ¹·
253 707 307 730 me
326 696 444 731 osculo
464 695 541 731 oris
560 694 629 730 suz'.
686 693 736 730 Et
757 693 845 730 hinc
865 693 969 730 enim
993 692 1099 730 Deus
1119 692 1285 730 ostendit
1305 691 1579 730 effectualiter²

252 764 336 814 plus
357 765 614 802 misericordie
635 763 847 812 mitigando
868 763 1104 800 severitatem
1127 763 1271 801 iusticie
1292 771 1328 801 et
1349 776 1576 813 correspon-

251 836 385 873 denter
415 835 526 873 debet
556 847 761 872 senescens
794 834 965 872 seculum
997 834 1104 883 sequi
1139 834 1330 871 Cristurn:
1361 835 1428 872 sed
1454 841 1576 872 toturn

251 918 479 944 conversum
517 912 574 943 est
612 912 818 943 retrorsum
853 918 899 942 ex
935 905 1191 954 temptacione
1227 905 1345 954 Regis
1381 905 1576 954 Superbie.

250 976 367 1014 Unde
406 976 495 1014 tolle
537 976 785 1025 cupiditatem
824 987 1054 1025 pomposam
1093 982 1130 1012 et
1169 976 1370 1012 avariciam
1419 975 1576 1013 honoris
1590 986 1715 1013 Remove
1728 988 1856 1026 cupidity

1589 1021 1644 1046 and
1655 1021 1800 1053 ambition,

196 1048 385 1086 10terreni
406 1055 441 1084 et
470 1047 573 1093 lucri,
595 1054 631 1085 et
660 1047 801 1084 tollitur
830 1058 891 1083 ars
921 1046 1098 1083 bellandi.
1157 1045 1355 1096 Numquid
1384 1046 1573 1083 credimus
1586 1055 1810 1113 findweshonid

1607 1097 1658 1114 ave
1671 1097 1706 1115 no
1720 1098 1796 1115 more

246 1119 308 1156 illa
338 1130 398 1155 ars
428 1118 473 1155 sit
502 1117 748 1155 convertendi
782 1117 1000 1166 proximum
1030 1117 1094 1154 tali
1127 1118 1346 1154 armatura?
1404 1116 1653 1154 Doceturwar-

245 1189 334 1226 alibi
355 1189 393 1225 in
415 1189 608 1238 scriptura.

300 1259 376 1297 Sed
410 1267 453 1307 30
482 1258 738 1308 principaliter
777 1258 946 1307 arguitur
983 1265 1115 1296 contra
1153 1257 1419 1296 admittentem
1458 1258 1572 1296 fidem
1586 1270 1674 1297 Third
1688 1272 1854 1305 mainargu.

245 1336 416 1367 nostram
454 1342 522 1379 per
560 1330 660 1366 viam
708 1329 874 1366 racionis
921 1329 1089 1367 humane
1133 1329 1239 1378 quod
1278 1329 1449 1367 illicitum
1490 1307 1717 1367 estssissssssss‘ossf
1738 1307 1853 1334 Human

194 1413 442 1450 15gwerrare.
518 1400 648 1438 Primo
696 1412 764 1449 per
805 1399 879 1437 1100
927 1400 1032 1449 quod
1082 1400 1263 1438 omnibus
1301 1400 1496 1438 laboribus
1535 1407 1570 1438 et
1586 1411 1757 1444 Moneyand

242 1471 419 1520 expensis
440 1471 591 1508 aliunde
607 1471 644 1508 in
661 1483 776 1508 causa
791 1470 864 1507 Dei
885 1470 1030 1508 facilius
1046 1471 1227 1519 expositis
1243 1471 1364 1508 maius
1380 1471 1568 1520 premium
1584 1444 1647 1504 1330
1649 1452 1815 1505 ggffiesstem

242 1542 460 1579 evidencius
487 1549 716 1591 sequeretur.
772 1541 879 1590 Ergo
899 1541 971 1578 tale
991 1542 1254 1579 conmercium
1282 1540 1378 1579 foret
1399 1513 1821 1580 3111110111.ῗπῗὲῗοῗῖεοέ-[ἃωγ

243 1612 383 1649 Fidelis
413 1612 517 1649 enim
549 1624 663 1661 quem
703 1612 876 1661 alloquor
916 1612 1166 1649 necessitatur
1206 1612 1333 1649 dicere
1373 1612 1478 1661 quod
1511 1612 1571 1650 via
1785 1596 1788 1600 ⁴

242 1683 408 1720 bellandi
441 1689 499 1720 est
519 1683 578 1720 via
610 1683 885 1720 beatitudinem
917 1682 1177 1731 promerendi,
1206 1683 1296 1731 quia
1316 1683 1376 1720 via
1406 1683 1572 1720 caritatis

189 1769 230 1790 20
243 1754 364 1791 eciam
384 1754 559 1791 hostibus
587 1753 850 1802 prodessendi.
909 1753 984 1790 Sed
1012 1754 1098 1802 quis
1119 1753 1265 1790 dubitat
1287 1754 1380 1802 quin
1401 1754 1571 1791 securius

243 1823 391 1862 facilius
412 1831 448 1862 et
468 1825 614 1862 reccius
635 1831 765 1873 posset
794 1824 913 1861 homo
943 1824 1091 1870 mereri,
1113 1830 1190 1861 tam
1221 1824 1434 1861 secundum
1456 1824 1570 1860 vitam

241 1896 402 1933 activam
441 1908 558 1944 quam
599 1896 936 1945 contemplativam
975 1895 1139 1934 vivendo
1185 1896 1290 1933 domi
1329 1908 1417 1933 curn
1456 1904 1571 1944 gente

240 1967 421 2016 propria?
478 1966 583 2015 Ergo
614 1967 667 2004 sic
699 1967 837 2004 bellare
871 1973 928 2003 est
963 1966 1127 2004 stulticia
1158 1973 1195 2003 et
1229 1979 1298 2016 per
1329 1979 1571 2016 consequens

18 2052 75 2082 M,
239 2043 452 2086 peccatum.
511 2038 608 2075 Item
634 2038 793 2075 obtenta
823 2037 971 2075 fortuite
991 2037 1148 2074 victoria
1178 2037 1219 2074 fit
1248 2037 1413 2074 exinde⁴
1434 2037 1570 2074 Victor
1583 2048 1847 2087 victoryatempta-

186 2130 223 2162 ²5
238 2108 394 2157 pronior
418 2107 466 2145 ad
491 2107 743 2156 peccandum.
801 2107 909 2156 Ergo
929 2108 989 2144 via
1019 2107 1072 2144 sic
1103 2107 1330 2144 difficultans
1360 2107 1515 2144 abducit
1545 2085 1746 2144 aiii'c'igssthe

238 2179 297 2215 via
317 2178 494 2216 virtutum
519 2191 586 2227 per
616 2190 734 2228 quam
767 2178 889 2216 solam
914 2178 962 2215 ad
993 2179 1116 2216 celum
1146 2179 1322 2216 tenditur.
1379 2178 1564 2228 Assump-

237 2255 317 2286 tum
347 2256 452 2297 patet
484 2249 531 2286 de
559 2249 755 2294 iactancia,
778 2248 824 2286 de
846 2249 915 2294 via,
938 2249 1000 2286 et⁵
1018 2232 1067 2286 de
1088 2249 1262 2294 avaricia,
1286 2255 1321 2286 et
1342 2261 1410 2298 per
1430 2261 1567 2286 conse-

236 2331 360 2368 quens
392 2319 440 2356 de
471 2319 577 2356 omni
609 2331 749 2367 genere
781 2325 1029 2368 peccatorum
1059 2319 1107 2356 ad
1127 2319 1231 2367 quod
1264 2332 1310 2356 ex
1341 2319 1496 2367 gwerris
1526 2319 1567 2356 fit

237 2389 355 2427 homo
376 2391 542 2439 pronior,
560 2402 648 2427 cum
661 2390 674 2409 ⁰
689 2390 736 2427 sit
754 2390 792 2426 in
813 2389 1023 2426 humilitate
1040 2396 1075 2426 et
1092 2389 1173 2426 aliis
1190 2390 1388 2427 virtutibus
1404 2390 1564 2427 annexis

182 2478 223 2510 30
236 2461 452 2510 pauperior.
510 2460 607 2497 Item
637 2471 754 2497 nemo
784 2465 841 2497 est
862 2472 948 2497 vere
978 2459 1116 2507 dignus
1137 2460 1338 2497 dominio⁷
1358 2460 1431 2497 nisi
1454 2459 1564 2497 fuerit
1580 2469 1766 2496 mercenarios
1780 2479 1827 2496 are

1578 2503 1706 2533 ignorant
1722 2505 1753 2529 os
1763 2504 1810 2529 the

54 2540 220 2573 ol.179b.
236 2531 274 2568 in
300 2531 440 2579 gracia,
467 2536 508 2568 ut
546 2530 608 2568 hic
647 2530 885 2579 supponitur.
929 2529 946 2548 *
993 2529 1067 2567 Sed
1106 2529 1180 2568 hoc
1218 2531 1368 2579 ignorat
1404 2531 1674 2579 quilibetj12<tice
1688 2538 1776 2562 osthc

1575 2579 1658 2595 cause
1670 2571 1710 2595 sor
1724 2570 1814 2596 which

236 2601 503 2650 stipendiarius
538 2601 585 2638 de
617 2601 714 2638 duce
745 2601 945 2637 exercitus.
1020 2599 1126 2649 Ergo
1158 2601 1308 2647 ignorat
1340 2600 1387 2637 de
1409 2600 1642 2637 Iusticiathey
1661 2604 1740 2636 fight-

235 2684 403 2721 pungne.
460 2671 562 2709 Ceca
592 2671 706 2720 igitur
735 2670 830 2708 foret
851 2670 1044 2708 temeritas
1065 2671 1103 2707 in
1134 2671 1195 2707 tali
1218 2682 1333 2708 causa
1364 2670 1562 2708 hominem

279 2786 289 2804 ¹
308 2786 468 2818 canticum
480 2789 542 2826 pro
560 2784 773 2824 canticorum,
792 2794 826 2816 Λ.
916 2783 928 2801 ²
944 2784 1093 2816 effectum
1111 2783 1204 2815 aliter
1215 2789 1278 2825 pro
1293 2782 1511 2818 effectualiter.
1529 2791 1562 2814 Α.

236 2838 248 2856 ⁸
269 2842 328 2875 est,
344 2848 404 2868 om.
423 2845 456 2867 Α.
559 2835 571 2853 ‘¹
594 2837 779 2878 exemplum
797 2841 861 2877 pro
877 2836 1001 2873 exinde,
1021 2845 1053 2866 Α.
1159 2835 1170 2852 ⁶
1195 2841 1234 2874 et,
1251 2846 1311 2866 om.
1333 2843 1361 2867 1³.
1466 2836 1477 2853 ὓ
1500 2845 1563 2876 que

230 2893 294 2930 pro
311 2899 394 2927 eum,
413 2897 446 2918 Α.
535 2885 546 2902 ⁷
572 2887 706 2918 domino
725 2892 788 2928 pro
804 2888 962 2924 dominio,
983 2895 1013 2917 Α.
