2018 3401
86 371 167 401 112
778 368 842 400 DE
874 369 1068 401 OFFICIO
1101 369 1258 402 REGIS.

79 483 314 551 ggxyritsssgitcriiffitte
358 475 507 513 (ji-istus
528 475 659 513 debuit
681 474 853 524 Baptiste
875 476 1087 524 baptisatus
1109 477 1157 513 ab
1179 489 1236 513 eo.
1298 475 1576 514 Verumtamen
1608 488 1688 514 non

80 558 109 578 to
122 552 169 577 the
185 552 303 584 Baptist-
358 547 470 584 solvit
491 547 563 584 sibi
583 547 796 596 didragma,
819 547 916 584 sieut
937 560 1007 584 nec
1029 547 1168 584 debuit.
1228 547 1332 586 Sicut
1352 549 1456 586 enim
1476 548 1512 584 in
1535 548 1689 586 honori-

358 618 519 656 ficencia
543 618 778 655 attendenda
797 624 854 655 est
876 618 976 656 racio
996 618 1289 664 honorificandi,
1313 619 1366 657 sic
1395 620 1434 656 in
1465 620 1690 657 obediencia

357 697 413 727 est
452 690 557 728 racio
596 690 773 739 precipue
812 690 1046 727 attendenda
1059 702 1069 736 ;
1116 691 1335 728 obediendo
1374 691 1576 740 utrobique
1615 690 1689 728 deo

356 761 611 810 principaliter
642 768 679 799 et
705 761 839 798 virtute
870 761 992 798 illiusl
1021 761 1247 799 obediencie
1283 762 1503 800 obediendo
1536 762 1690 800 cuilibet
1706 777 1723 809 5

358 832 463 870 alteri
480 832 627 870 homini
649 833 768 870 modo
785 844 867 878 suo,
886 832 1059 870 cavendo
1076 845 1228 882 semper
1245 846 1266 870 a
1283 834 1575 883 perpetracione
1595 832 1612 852 '¹‘
1631 834 1689 871 vel
1703 842 1751 870 24
1768 843 1803 871 d.

359 904 610 942 ommissione
642 911 776 942 contra
807 903 918 941 Cristi
949 904 1109 942 consilia
1147 905 1204 942 vel
1243 911 1434 955 precepta,
1476 906 1566 955 quia
1604 905 1690 942 talis

79 963 335 1023 Ξξάᾛῗῃζᾝέᾆοῖ
358 976 584 1014 obediencia
605 989 684 1014 non
712 976 811 1014 foret
840 977 1041 1015 canonica.
1098 976 1167 1014 Ille
1196 977 1308 1026 igitur
1336 977 1401 1027 qui
1432 978 1618 1015 submittit
1649 989 1689 1014 se

77 1031 151 1064 obey
164 1032 211 1057 the
225 1040 298 1057 com·
388 1048 393 1054 .
424 1048 431 1055 .
526 1048 532 1054 .
907 1049 913 1055 .
1400 1049 1407 1056 .
1635 1049 1641 1055 .

77 1065 265 1091 mandsofa„
358 1047 487 1085 divino
523 1047 703 1097 1mpu1su,
725 1060 806 1085 non
837 1048 1014 1097 obligans
1045 1060 1085 1086 se
1118 1048 1229 1086 stulte
1259 1049 1306 1086 ad
1336 1048 1556 1086 faciendum
1578 1049 1689 1098 qmd-

76 1099 303 1158 iffiiogfissinissatdd
357 1118 450 1168 quid
487 1119 643 1168 ignarus
690 1119 907 1168 prepositus
946 1131 1037 1157 suus
1084 1125 1218 1157 contra
1266 1120 1470 1158 consilium
1518 1120 1689 1157 divinum
1707 1131 1747 1152 10

76 1166 339 1259 ξξὲἓξέᾆῗῗεξὲἓῖἶ
356 1190 606 1237 mandaverit,
628 1190 766 1228 deserit
785 1190 993 1239 prudenter
1011 1191 1208 1240 propriam
1230 1191 1467 1229 voluntatem
1488 1199 1523 1230 et
1544 1192 1690 1241 obligat

76 1242 336 1327 ξῇξέἒῑξὶἷὲἓῖξ
357 1274 396 1299 se
430 1261 615 1299 voluntati
651 1262 712 1299 dei
751 1262 1036 1308 comunissime,
1058 1263 1120 1300 cui
1159 1275 1296 1300 omnes
1335 1263 1462 1312 angeli
1491 1262 1621 1300 nunc²
1653 1269 1690 1300 et

77 1334 313 1395 fflilrgssdlssirsgreity
356 1345 492 1371 omnes
532 1333 679 1371 sancti³
709 1340 895 1383 appetunt
933 1334 1253 1382 quoddammodo
1297 1334 1541 1372 conformari.
1615 1334 1690 1372 Sed

357 1405 567 1442 claustralis
589 1405 783 1442 dimittens
803 1405 903 1442 hanc
925 1404 1205 1455 professionem
1235 1406 1407 1455 sequitur
1436 1406 1624 1455 privatam
1652 1413 1690 1444 et
1704 1411 1744 1440 '1'-

356 1477 554 1526 propriam
574 1476 823 1514 voluntatem.
879 1476 930 1513 Et
949 1476 1018 1514 hec
1046 1477 1150 1514 racio
1179 1488 1298 1525 quare
1328 1476 1628 1525 multiplicantur
1649 1478 1688 1514 in
1705 1489 1743 1520 15

356 1548 621 1585 claustralibus
649 1554 727 1585 tam
749 1548 848 1585 varie
869 1548 1098 1585 voluntates.
1156 1547 1240 1585 Nec
1271 1547 1383 1585 refert
1413 1560 1488 1597 que
1519 1555 1689 1586 creatura

356 1619 457 1656 dicat
488 1619 582 1656 mihi
609 1619 846 1657 voluntatem
875 1619 937 1657 dei
950 1619 974 1665 4,
1005 1632 1094 1656 cum
1125 1619 1210 1669 plus
1240 1619 1502 1657 obediendum
1529 1626 1586 1657 est
1609 1620 1687 1669 regi

356 1690 482 1728 David
502 1698 538 1728 et
563 1703 633 1728 suo
654 1691 732 1728 filio
758 1690 969 1737 Salomoni,
990 1703 1079 1727 curn
1101 1691 1173 1727 sint
1196 1703 1342 1739 organa
1364 1689 1526 1740 Spiritus
1550 1691 1684 1735 sancti,

356 1774 474 1810 quam
496 1762 534 1799 in
556 1762 698 1799 neutris
718 1763 897 1799 omnibus
919 1762 998 1799 aliis
1019 1762 1209 1811 episcopis
1230 1763 1322 1799 citra
1338 1761 1519 1799 Cristum.
1578 1762 1688 1799 Patet

354 1834 392 1870 in
417 1835 491 1871 isto
521 1834 656 1882 psalmi
686 1834 785 1871 cxvii
809 1833 1048 1883 Corfilemz'm’
1071 1834 1216 1871 domz'no
1245 1834 1417 1882 quoniam
1440 1833 1567 1879 bonus,
1589 1841 1624 1870 et
1646 1833 1685 1870 in
1701 1834 1751 1866 Ps.
1766 1834 1860 1866 exvii-

353 1906 426 1942 isto
446 1904 697 1942 Ecclesiastes
714 1905 764 1941 xii
789 1905 890 1941 Time
909 1906 1010 1941 deum
1032 1909 1066 1941 el
1082 1906 1258 1941 mandata
1278 1906 1354 1942 esus
1373 1918 1480 1942 serva
1494 1905 1518 1942 ⁵.
1577 1904 1686 1942 Post·
1702 1901 1789 1933 Eccl.
1809 1902 1865 1933 xii.

354 1976 537 2025 ponenda
568 1977 648 2013 est⁶
682 1976 793 2024 igitur
826 1976 1028 2013 auctoritas
1062 1984 1234 2014 creature
1276 1976 1496 2013 mandantis
1534 1983 1571 2013 et
1601 1955 1752 2025 pre-¹3¹

354 2047 677 2097 ponderabiliter⁷
696 2047 957 2084 obediendum
978 2053 1035 2084 est
1055 2054 1160 2085 certo
1181 2047 1341 2096 imperio
1366 2047 1558 2084 creatoris.

76 2132 197 2166 Coming
209 2143 271 2160 now
284 2140 313 2160 ιο
408 2118 576 2157 Ulterius
605 2131 684 2169 quo
705 2119 754 2155 ad
775 2119 1059 2168 perfeccionem
1089 2125 1255 2156 statuum
1276 2118 1422 2155 videtur
1453 2118 1546 2155 mihi
1577 2119 1685 2168 quod

74 2168 327 2240 {Zisggiill'ffime
355 2197 472 2227 status
492 2190 581 2227 cleri
605 2196 713 2227 extra
742 2190 950 2227 claustrum
980 2202 1095 2240 quem
1117 2189 1264 2227 Cristus
1293 2189 1454 2227 instituit
1486 2190 1533 2227 sit
1567 2196 1685 2227 status
1702 2200 1740 2231 ²5

74 2241 171 2265 states,
187 2241 207 2260 1t
223 2244 342 2267 appears

74 2269 297 2328 giaffigiffiiehe
355 2262 653 2311 perfectissimus
684 2262 850 2299 viatoris.
908 2261 1000 2299 Non
1031 2262 1134 2298 enim
1173 2268 1328 2311 propter
1366 2261 1553 2311 privatam
1590 2262 1685 2298 ceri-

73 2336 330 2402 ἓὲξξξῑῇῗςίῑίζῇῐῑεά
354 2334 525 2371 moniam
565 2345 640 2383 que
679 2340 736 2371 est
774 2333 812 2369 in
845 2345 937 2370 casu
975 2333 1119 2382 private
1154 2345 1317 2382 persone
1351 2333 1478 2370 utilior
1516 2333 1686 2381 sequitur

74 2403 318 2469 ξιζὲῗζθῑξξεῑζῑξῆἓ
354 2405 543 2453 generalis
577 2411 696 2442 status
734 2404 983 2454 perfeccionis
1021 2417 1201 2442 excessus
1214 2417 1224 2451 ‚·
1265 2412 1305 2442 ut
1339 2417 1417 2442 non
1457 2411 1619 2454 oportet,
1656 2405 1686 2442 si

74 2470 330 2536 ξξξᾶῑῖἕιζξὲξξᾶζῑῗὲ
356 2476 526 2525 Baptiste
558 2476 615 2513 vel
648 2476 751 2512 alteri
786 2475 881 2513 foret
915 2476 1043 2512 utilius
1078 2475 1263 2525 penaliter
1297 2476 1424 2524 vagari
1454 2477 1493 2513 in
1523 2476 1684 2514 heremo

74 2537 135 2562 best
149 2537 191 2563 for
204 2537 258 2562 this
273 2546 305 2562 or

74 2571 135 2596 that
150 2570 312 2596 individua
353 2559 470 2596 quam
492 2546 707 2584 conversari
728 2547 824 2583 inter
845 2546 1022 2583 homines
1043 2547 1253 2595 apostolice
1281 2547 1558 2591 conversando,
1580 2547 1684 2595 quod
1699 2563 1741 2594 30

351 2625 555 2668 propterea
586 2624 704 2654 status
734 2617 974 2654 heremiticus
1004 2617 1062 2654 vel
1101 2617 1354 2655 anacoriticus
1393 2618 1439 2654 sit
1477 2617 1686 2667 perfeccior

354 2700 472 2739 quam
506 2695 624 2726 Status
658 2688 883 2737 episcopalis
914 2688 972 2725 vel
1004 2688 1247 2738 apostolicus.
1307 2688 1406 2737 Sepe
1442 2701 1613 2738 namque
1646 2689 1685 2726 in

354 2767 454 2797 statu
474 2758 752 2808 imperfecciori
773 2766 829 2796 est
849 2771 1015 2808 persona
1035 2760 1167 2797 virtute
1189 2758 1410 2808 perfeccior.
1467 2758 1582 2796 Unde
1611 2771 1684 2808 pro

353 2830 489 2868 maiori
528 2830 794 2868 declaracione
841 2831 999 2868 materie
1047 2830 1259 2867 notandum
1307 2837 1365 2867 est
1411 2830 1535 2879 primo
1577 2829 1684 2878 quod

397 2917 406 2935 ¹
432 2917 512 2954 eius,
531 2925 560 2947 B.
634 2917 646 2934 ²
669 2928 765 2953 nnnc,
781 2927 843 2949 om.
861 2925 893 2948 A.
966 2916 977 2933 ³
1000 2921 1115 2948 natura
1124 2921 1188 2957 pro
1205 2917 1318 2954 saneti,
1336 2926 1369 2948 A.
1450 2917 1462 2934 ¹
1486 2916 1547 2955 dei,
1566 2927 1627 2948 om.
1646 2925 1681 2947 A.

354 2970 365 2987 ⁵
389 2979 491 3007 serva,
507 2979 568 3001 om.
589 2978 621 3001 Λ.
709 2968 722 2985 ⁶
746 2969 845 3009 igitur
861 2974 916 3006 est,
938 2976 966 2999 Β.
1058 2967 1068 2984 ⁷
1093 2968 1320 3009 prepoderatis
1339 2967 1413 3009 (sic)
1433 2977 1465 3000 A.
