2018 3401
679 352 744 386 DE
779 352 970 387 orr1c1o
1005 351 1160 386 REGIS.
1785 359 1838 397 24
1841 356 1866 400 5

257 451 441 507 regimen,
462 469 505 496 ac
530 463 701 508 potestas
726 458 927 497 ordinandi
953 458 1048 496 tales
1077 465 1250 508 pastores
1279 465 1335 496 est
1364 470 1484 496 unum
1515 460 1585 497 sibi

259 529 517 566 necessarium
537 528 586 566 ad
607 529 664 566 sui
685 529 792 578 regni
808 529 1125 578 gubernaculum,
1142 535 1246 578 patet
1267 540 1383 578 quam
1404 529 1588 579 sacrilega

258 598 355 636 foret
375 599 626 648 pseudocristi
647 599 842 637 sentencia
862 609 936 648 que
957 599 1082 637 verbis
1103 599 1161 636 vel
1181 598 1288 637 factis
1314 598 1528 649 sophisticis
1548 601 1587 636 in

41 675 80 705 Τ.
258 668 332 706 hoe
364 669 613 718 suspenderet
643 669 701 707 vel
735 669 963 707 diminueret
997 670 1142 718 regiam
1181 676 1422 719 potestatem.
1480 669 1586 718 Papa
1598 680 1659 706 The
1673 689 1745 713 pope
1767 680 1868 707 should

1599 714 1715 740 instruct
1729 715 1776 740 the
1787 714 1869 747 kings

228 757 244 788 5
259 752 352 789 ergo
378 740 491 777 debet
516 751 626 790 reges
652 741 837 778 instruere
858 740 1057 790 quomodo
1085 740 1226 778 debent
1246 741 1294 778 ad
1316 740 1504 778 honorem
1525 739 1586 777 dei
1599 748 1708 813 33:340.
1718 748 1867 807 ιξὲῑιίῑὲῑῖιθ

257 817 293 847 et
326 810 616 848 edificacionem
649 811 808 848 ecclesie
838 811 891 847 uti
921 810 1143 849 huiusmodi
1178 817 1387 861 potestate,
1417 810 1522 859 quod
1555 809 1586 847 si
1599 815 1817 880 fissffssli'ffiet‘k
1821 847 1870 880 ing

258 881 397 918 nitatur
416 887 647 930 potestatem
668 881 772 918 illam
792 887 872 918 tam
893 892 1043 918 sacram
1064 893 1086 918 a
1098 880 1186 919 Deo
1203 881 1442 930 singulariter
1458 881 1586 918 datam
1599 881 1868 941 {Zoffliliiffissthim

258 950 431 1000 diripere,
471 963 538 989 rex
572 963 661 989 cum
692 958 806 1000 gente
837 963 906 989 sua
935 951 1048 989 debet
1079 952 1150 989 sibi
1180 952 1356 989 resistere
1388 958 1588 1001 tamquam

41 1029 137 1062 Matt.
159 1030 244 1061 xxiv.
257 1021 427 1070 pessimo
460 1022 655 1060 anticristo
687 1022 735 1060 de
766 1034 845 1071 quo
876 1022 1014 1060 veritas
1044 1022 1283 1071 prophetavit
1318 1021 1456 1059 Matth.
1489 1022 1588 1059 xxiv.

43 1082 94 1113 ²4·
259 1091 404 1129 Cristus
425 1092 529 1129 enim
553 1092 767 1130 secundum
797 1092 977 1130 deitatem
994 1091 1005 1110 ¹
1026 1092 1130 1130 dedit
1151 1093 1230 1141 regi
1250 1092 1389 1129 vicario
1409 1104 1478 1130 suo
1497 1092 1590 1130 illud

257 1162 425 1200 officium
441 1169 648 1212 antequam
663 1163 731 1201 fuit
747 1175 906 1201 romana
922 1163 1093 1201 ecclesia.
1151 1162 1241 1209 Qua
1257 1175 1349 1212 ergo
1365 1163 1591 1201 auctoritate

257 1232 495 1271 subtraheret
521 1245 544 1270 a
573 1246 662 1282 rege
691 1239 771 1271 tam
800 1233 860 1271 dei
888 1233 1073 1283 populum
1103 1245 1221 1283 quam
1250 1234 1373 1270 eciam
1402 1233 1591 1283 populum

255 1304 431 1342 civilem?
488 1303 591 1340 Nam
623 1303 778 1341 aliunde
811 1305 991 1342 limitatur
1023 1304 1072 1342 ad
1105 1304 1263 1354 plenum
1298 1304 1378 1341 eius
1410 1304 1590 1342 officium.

256 1373 372 1411 Unde
401 1381 444 1411 za
469 1374 666 1412 conclusio
694 1374 864 1424 predicta
896 1375 950 1412 sic
980 1375 1143 1413 consulit
1176 1375 1281 1425 quod
1309 1375 1472 1412 omnino
1501 1387 1588 1423 pro·
1601 1377 1644 1410 (ἰί)
1659 1377 1758 1403 Hence
1772 1385 1819 1409 my

1602 1411 1704 1436 second
1719 1410 1831 1436 counsel
1845 1417 1853 1441 ς

206 1458 244 1490 15
257 1445 429 1483 videatur
469 1445 518 1483 de
554 1446 774 1494 pastoribus
813 1446 967 1495 privatis
1005 1446 1167 1495 ydoneis
1205 1458 1371 1495 quorum
1403 1457 1518 1483 voces
1553 1452 1589 1482 et
1602 1445 1684 1503 {ffssffl
1686 1450 1824 1509 [19ῧὲῐὲζὲ

258 1527 380 1565 opera
403 1515 609 1565 pastoralia
636 1527 728 1553 oves
757 1522 996 1565 cognoscant
1023 1517 1201 1566 practice,
1222 1522 1259 1554 et
1284 1516 1390 1565 quod
1416 1522 1589 1565 pastores
1602 1511 1868 1542 “ided⁷³⁰d0‘¹¹e¹'⁵’

1601 1544 1753 1576 especially

257 1585 472 1635 specialiter
491 1586 701 1635 alienigene
729 1586 968 1624 condicionis
992 1587 1180 1625 contrarie
1207 1587 1341 1623 timore
1364 1587 1586 1624 excomuni-
1601 1577 1850 1643 ἷζζξξξζξῗέιῖξὲἶ·

257 1656 424 1694 cacionis
454 1655 698 1706 postposito2
727 1656 986 1695 detrudantur.
1043 1656 1182 1694 Tereia
1213 1656 1410 1694 conclusio
1442 1657 1581 1694 seriose
1595 1660 1853 1726 ffiggfflgdullidthe

259 1727 424 1765 consulit
439 1726 543 1776 quod
563 1739 627 1764 rex
647 1726 893 1765 conformiter
913 1727 962 1764 ad
982 1727 1086 1776 leges
1105 1727 1276 1778 ecclesie,
1293 1739 1409 1776 quam
1431 1728 1828 1794 tenetur{3³33ssltlggctgffi¹

208 1813 247 1836 20
259 1797 299 1835 in
320 1797 397 1835 suis
417 1797 563 1846 legibus
583 1809 630 1834 ex
651 1797 834 1835 mandato
855 1809 925 1835 suo
947 1797 1161 1844 defendere,
1178 1798 1385 1847 amplificet
1406 1803 1442 1835 et
1462 1797 1588 1834 foveat

259 1867 515 1917 theologicam
553 1867 786 1906 facultatem.
845 1867 1214 1917 Quomodocunque
1254 1875 1381 1906 autem
1420 1867 1588 1917 pseudo-

258 1939 392 1976 cristus
412 1950 501 1976 cum
521 1938 705 1976 membris
729 1945 766 1976 et
789 1938 1064 1976 tradicionibus
1089 1939 1166 1975 suis
1193 1939 1387 1988 regarriat,
1407 1938 1589 1976 execucio

257 2009 365 2047 istius
380 2009 574 2047 sentencie
592 2008 806 2047 secundum
820 2009 926 2058 leges
941 2008 1001 2046 dei
1016 2021 1059 2046 ac
1072 2009 1232 2047 ecclesie
1250 2009 1502 2047 substernitur
1516 2009 1588 2046 sub

258 2091 360 2128 pena
383 2079 605 2128 gravissima
625 2080 726 2128 regie
741 2081 932 2129 potestati.
991 2078 1100 2125 Quis,
1123 2080 1292 2129 inquam,
1310 2080 1457 2128 fugaret
1478 2079 1590 2127 lupos

208 2164 246 2197 25
261 2156 296 2188 et
317 2149 606 2200 pseudocristos
627 2150 674 2187 de
695 2162 816 2198 regno
838 2151 868 2187 si
889 2161 968 2188 non
991 2156 1161 2199 potestas
1182 2151 1286 2199 regia
1307 2149 1355 2188 ad
1375 2150 1448 2188 hoc
1470 2150 1568 2187 data.

712 2292 1039 2331 CAPITULUM
1071 2293 1140 2331 XI.

316 2380 470 2419 TERCIO
489 2380 745 2430 principaliter
765 2381 934 2430 arguitur
953 2387 1086 2419 contra
1107 2380 1206 2418 dicta
1223 2380 1269 2418 de
1287 2391 1384 2430 rege.
1426 2379 1587 2418 Videtur
1601 2384 1782 2424 Third,1uain

1600 2419 1749 2451 objection.

260 2452 363 2489 enim
392 2451 497 2501 quod
527 2451 694 2489 officium
723 2451 822 2501 regis
854 2451 899 2488 sit
929 2463 1101 2500 pugnare
1135 2451 1286 2489 viriliter
1317 2451 1584 2489 monarchiam
1599 2453 1665 2512 '12¹¹‘ss
1673 2452 1868 2516 *Fississgt'fufiifioe

261 2529 298 2560 et
319 2521 421 2560 aliud
441 2521 656 2559 dominium
677 2522 747 2558 sibi
768 2521 939 2559 debitum
967 2521 1243 2571 conquirendo,
1266 2528 1302 2559 et
1331 2534 1418 2560 cum
1440 2534 1519 2559 non
1540 2522 1585 2559 sit
1599 2519 1711 2580 ‘iffi-¹¹³&
1725 2519 1832 2545 dmum·

207 2608 248 2640 30
261 2592 385 2629 maior
397 2591 499 2629 racio
519 2604 638 2642 quare
658 2604 735 2629 una
754 2603 922 2641 persona
941 2591 1036 2629 soret
1051 2592 1261 2630 monarcha
1277 2593 1399 2629 tocius
1415 2592 1588 2630 habitalis

260 2674 379 2712 quarn
411 2662 569 2712 quilibet
600 2662 704 2700 illam
732 2668 858 2712 potest
887 2662 1096 2711 adquirere,
1122 2662 1268 2699 videtur
1298 2662 1403 2711 quod
1432 2662 1589 2712 quilibet

261 2732 453 2770 sufficiens
484 2745 551 2781 per
581 2733 655 2770 hoc
684 2739 873 2782 pugnaret
903 2744 991 2769 cum
1021 2732 1190 2781 quolibet
1218 2733 1417 2770 resistente
1431 2732 1454 2769 ³.
1525 2732 1588 2770 Sic

260 2802 364 2840 enim
386 2802 545 2840 stabilite
559 2803 571 2822 ‘¹
593 2809 681 2840 sunt
707 2810 743 2840 et
770 2802 914 2852 perdite
936 2809 1112 2852 quattuor
1139 2802 1362 2840 monarchie
1383 2802 1429 2839 de
1450 2803 1589 2852 quibus

305 2887 316 2906 ¹
341 2888 507 2920 veritatem
524 2893 588 2930 pro
605 2888 771 2927 deitatem,
789 2898 821 2919 Λ.
934 2889 945 2906 2
970 2889 1161 2930 postposite,
1180 2896 1212 2920 Α.
1336 2889 1347 2906 ³
1372 2889 1514 2920 resistere
1524 2893 1588 2929 [υό

262 2939 440 2980 resistente,
457 2948 490 2971 Α.
575 2940 585 2958 ¹
611 2940 797 2979 stabilitate,
817 2950 848 2971 Α.
