<?xml version="1.0" encoding="UTF-8"?>
<!DOCTYPE html PUBLIC "-//W3C//DTD XHTML 1.0 Transitional//EN"
    "http://www.w3.org/TR/xhtml1/DTD/xhtml1-transitional.dtd">
<html xmlns="http://www.w3.org/1999/xhtml" xml:lang="en" lang="en">
 <head>
  <title>
</title>
<meta http-equiv="Content-Type" content="text/html;charset=utf-8" />
  <meta name='ocr-system' content='tesseract 3.04.00' />
  <meta name='ocr-capabilities' content='ocr_page ocr_carea ocr_par ocr_line ocrx_word'/>
</head>
<body>
  <div class='ocr_page' id='page_1' title='image "./iohanniswycliftr08wycl/iohanniswycliftr08wycl_0063.png"; bbox 0 0 2018 3401; ppageno 0'>
   <div class='ocr_carea' id='block_1_1' title="bbox 688 339 1167 372">
    <p class='ocr_par' dir='ltr' id='par_1_1' title="bbox 688 339 1167 372">
     <span class='ocr_line' id='line_1_1' title="bbox 688 339 1167 372; baseline 0 -2"><span class='ocrx_word' id='word_1_1' title='bbox 688 339 752 371; x_wconf 90' lang='lat' dir='ltr'>DE</span> <span class='ocrx_word' id='word_1_2' title='bbox 785 340 979 372; x_wconf 86' lang='lat' dir='ltr'><strong>OFFICIO</strong></span> <span class='ocrx_word' id='word_1_3' title='bbox 1013 340 1167 371; x_wconf 87' lang='lat' dir='ltr'>REGIS.</span> 
     </span>
    </p>
   </div>
   <div class='ocr_carea' id='block_1_2' title="bbox 265 442 1592 564">
    <p class='ocr_par' dir='ltr' id='par_1_2' title="bbox 265 442 1592 564">
     <span class='ocr_line' id='line_1_2' title="bbox 265 442 1592 494; baseline -0.002 -12"><span class='ocrx_word' id='word_1_4' title='bbox 265 444 392 482; x_wconf 85' lang='lat' dir='ltr'>minus</span> <span class='ocrx_word' id='word_1_5' title='bbox 422 443 672 482; x_wconf 89' lang='lat' dir='ltr'>honorandus</span> <span class='ocrx_word' id='word_1_6' title='bbox 706 457 783 494; x_wconf 91' lang='lat' dir='ltr'>quo</span> <span class='ocrx_word' id='word_1_7' title='bbox 815 444 864 482; x_wconf 92' lang='lat' dir='ltr'>ad</span> <span class='ocrx_word' id='word_1_8' title='bbox 903 445 1097 483; x_wconf 84' lang='lat' dir='ltr'>racionem</span> <span class='ocrx_word' id='word_1_9' title='bbox 1136 443 1302 481; x_wconf 90' lang='lat' dir='ltr'>humane</span> <span class='ocrx_word' id='word_1_10' title='bbox 1341 450 1486 488; x_wconf 89' lang='lat' dir='ltr'>nature,</span> <span class='ocrx_word' id='word_1_11' title='bbox 1523 442 1592 480; x_wconf 89' lang='lat' dir='ltr'>sed</span> 
     </span>
     <span class='ocr_line' id='line_1_3' title="bbox 266 513 1591 564; baseline -0.002 -12"><span class='ocrx_word' id='word_1_12' title='bbox 266 516 455 553; x_wconf 89' lang='lat' dir='ltr'>infinitum</span> <span class='ocrx_word' id='word_1_13' title='bbox 487 515 610 564; x_wconf 85' lang='lat' dir='ltr'>magis</span> <span class='ocrx_word' id='word_1_14' title='bbox 635 515 885 553; x_wconf 87' lang='lat' dir='ltr'>honorandus</span> <span class='ocrx_word' id='word_1_15' title='bbox 910 523 947 553; x_wconf 87' lang='lat' dir='ltr'>et</span> <span class='ocrx_word' id='word_1_16' title='bbox 972 516 1098 553; x_wconf 91' lang='lat' dir='ltr'>bonus</span> <span class='ocrx_word' id='word_1_17' title='bbox 1123 514 1343 552; x_wconf 89' lang='lat' dir='ltr'>humanitus</span> <span class='ocrx_word' id='word_1_18' title='bbox 1376 513 1591 552; x_wconf 88' lang='lat' dir='ltr'>secundum</span> 
     </span>
    </p>
   </div>
   <div class='ocr_carea' id='block_1_3' title="bbox 265 584 1857 635">
    <p class='ocr_par' dir='ltr' id='par_1_3' title="bbox 265 584 1857 635">
     <span class='ocr_line' id='line_1_4' title="bbox 265 584 1857 635; baseline 0.001 -13"><span class='ocrx_word' id='word_1_19' title='bbox 265 585 461 623; x_wconf 82' lang='lat' dir='ltr'>racionem</span> <span class='ocrx_word' id='word_1_20' title='bbox 485 586 611 634; x_wconf 82' lang='lat' dir='ltr'>gracie</span> <span class='ocrx_word' id='word_1_21' title='bbox 633 586 689 623; x_wconf 90' lang='lat' dir='ltr'>vel</span> <span class='ocrx_word' id='word_1_22' title='bbox 710 586 865 624; x_wconf 83' lang='lat' dir='ltr'>virtutis.</span> <span class='ocrx_word' id='word_1_23' title='bbox 924 585 1066 623; x_wconf 90' lang='lat' dir='ltr'>Tercio</span> <span class='ocrx_word' id='word_1_24' title='bbox 1093 586 1263 634; x_wconf 89' lang='lat' dir='ltr'>sequitur</span> <span class='ocrx_word' id='word_1_25' title='bbox 1283 585 1388 635; x_wconf 89' lang='lat' dir='ltr'>quod</span> <span class='ocrx_word' id='word_1_26' title='bbox 1410 596 1526 622; x_wconf 89' lang='lat' dir='ltr'>nemo</span> <span class='ocrx_word' id='word_1_27' title='bbox 1548 584 1593 621; x_wconf 88' lang='lat' dir='ltr'>sit</span> <span class='ocrx_word' id='word_1_28' title='bbox 1607 595 1857 629; x_wconf 79' lang='lat' dir='ltr'>Thirdlyitsollow</span> 
     </span>
    </p>
   </div>
   <div class='ocr_carea' id='block_1_4' title="bbox 1608 630 1860 657">
    <p class='ocr_par' dir='ltr' id='par_1_4' title="bbox 1608 630 1860 657">
     <span class='ocr_line' id='line_1_5' title="bbox 1608 630 1860 657; baseline 0.012 -3"><span class='ocrx_word' id='word_1_29' title='bbox 1608 630 1669 655; x_wconf 83' lang='lat' dir='ltr'>that</span> <span class='ocrx_word' id='word_1_30' title='bbox 1683 639 1718 656; x_wconf 89' lang='lat' dir='ltr'>no</span> <span class='ocrx_word' id='word_1_31' title='bbox 1732 639 1783 656; x_wconf 88' lang='lat' dir='ltr'>one</span> <span class='ocrx_word' id='word_1_32' title='bbox 1795 631 1817 656; x_wconf 75' lang='lat' dir='ltr'>is</span> <span class='ocrx_word' id='word_1_33' title='bbox 1830 636 1860 657; x_wconf 82' lang='lat' dir='ltr'>to</span> 
     </span>
    </p>
   </div>
   <div class='ocr_carea' id='block_1_5' title="bbox 266 655 1848 705">
    <p class='ocr_par' dir='ltr' id='par_1_5' title="bbox 266 655 1848 705">
     <span class='ocr_line' id='line_1_6' title="bbox 266 655 1848 705; baseline -0.003 -13"><span class='ocrx_word' id='word_1_34' title='bbox 266 655 516 693; x_wconf 88' lang='lat' dir='ltr'>honorandus</span> <span class='ocrx_word' id='word_1_35' title='bbox 537 655 648 693; x_wconf 87' lang='lat' dir='ltr'>simul</span> <span class='ocrx_word' id='word_1_36' title='bbox 670 668 716 693; x_wconf 86' lang='lat' dir='ltr'>ex</span> <span class='ocrx_word' id='word_1_37' title='bbox 734 656 995 693; x_wconf 90' lang='lat' dir='ltr'>conneccione</span> <span class='ocrx_word' id='word_1_38' title='bbox 1012 656 1162 705; x_wconf 86' lang='lat' dir='ltr'>proprie</span> <span class='ocrx_word' id='word_1_39' title='bbox 1184 655 1378 704; x_wconf 75' lang='lat' dir='ltr'>dignitatis</span> <span class='ocrx_word' id='word_1_40' title='bbox 1394 655 1593 704; x_wconf 84' lang='lat' dir='ltr'>potestatis</span> <span class='ocrx_word' id='word_1_41' title='bbox 1607 663 1640 688; x_wconf 80' lang='lat' dir='ltr'>be</span> <span class='ocrx_word' id='word_1_42' title='bbox 1652 663 1794 689; x_wconf 81' lang='lat' dir='ltr'>honoured</span> <span class='ocrx_word' id='word_1_43' title='bbox 1810 664 1848 696; x_wconf 76' lang='lat' dir='ltr'>by</span> 
     </span>
    </p>
   </div>
   <div class='ocr_carea' id='block_1_6' title="bbox 1604 697 1804 723">
    <p class='ocr_par' dir='ltr' id='par_1_6' title="bbox 1604 697 1804 723">
     <span class='ocr_line' id='line_1_7' title="bbox 1604 697 1804 723; baseline 0.01 -2"><span class='ocrx_word' id='word_1_44' title='bbox 1604 705 1703 722; x_wconf 76' lang='lat' dir='ltr'>reason</span> <span class='ocrx_word' id='word_1_45' title='bbox 1716 697 1747 722; x_wconf 86' lang='lat' dir='ltr'>os</span> <span class='ocrx_word' id='word_1_46' title='bbox 1757 697 1804 723; x_wconf 85' lang='lat' dir='ltr'>the</span> 
     </span>
    </p>
   </div>
   <div class='ocr_carea' id='block_1_7' title="bbox 234 725 1864 776">
    <p class='ocr_par' dir='ltr' id='par_1_7' title="bbox 234 725 1864 776">
     <span class='ocr_line' id='line_1_8' title="bbox 234 725 1864 776; baseline -0.001 -14"><span class='ocrx_word' id='word_1_47' title='bbox 234 725 325 767; x_wconf 85' lang='lat' dir='ltr'>5vel</span> <span class='ocrx_word' id='word_1_48' title='bbox 355 725 467 763; x_wconf 89' lang='lat' dir='ltr'>officii</span> <span class='ocrx_word' id='word_1_49' title='bbox 495 726 621 764; x_wconf 88' lang='lat' dir='ltr'>clerici</span> <span class='ocrx_word' id='word_1_50' title='bbox 648 738 737 764; x_wconf 91' lang='lat' dir='ltr'>cum</span> <span class='ocrx_word' id='word_1_51' title='bbox 769 726 951 775; x_wconf 84' lang='lat' dir='ltr'>dignitate</span> <span class='ocrx_word' id='word_1_52' title='bbox 986 732 1176 776; x_wconf 77' lang='lat' dir='ltr'>potestate</span> <span class='ocrx_word' id='word_1_53' title='bbox 1208 726 1264 762; x_wconf 87' lang='lat' dir='ltr'>vel</span> <span class='ocrx_word' id='word_1_54' title='bbox 1298 725 1425 763; x_wconf 88' lang='lat' dir='ltr'>officio</span> <span class='ocrx_word' id='word_1_55' title='bbox 1458 725 1761 768; x_wconf 64' lang='lat' dir='ltr'>laicali‚con13exi0n</span> <span class='ocrx_word' id='word_1_56' title='bbox 1775 731 1807 756; x_wconf 84' lang='lat' dir='ltr'>os</span> <span class='ocrx_word' id='word_1_57' title='bbox 1821 730 1864 756; x_wconf 75' lang='lat' dir='ltr'>his</span> 
     </span>
    </p>
   </div>
   <div class='ocr_carea' id='block_1_8' title="bbox 1607 764 1874 790">
    <p class='ocr_par' dir='ltr' id='par_1_8' title="bbox 1607 764 1874 790">
     <span class='ocr_line' id='line_1_9' title="bbox 1607 764 1874 790; baseline 0.007 -2"><span class='ocrx_word' id='word_1_58' title='bbox 1607 764 1716 789; x_wconf 81' lang='lat' dir='ltr'>clencal</span> <span class='ocrx_word' id='word_1_59' title='bbox 1725 764 1874 790; x_wconf 83' lang='lat' dir='ltr'>officewith</span> 
     </span>
    </p>
   </div>
   <div class='ocr_carea' id='block_1_9' title="bbox 266 795 1855 845">
    <p class='ocr_par' dir='ltr' id='par_1_9' title="bbox 266 795 1855 845">
     <span class='ocr_line' id='line_1_10' title="bbox 266 795 1855 845; baseline -0.001 -12"><span class='ocrx_word' id='word_1_60' title='bbox 266 795 374 833; x_wconf 90' lang='lat' dir='ltr'>Patet</span> <span class='ocrx_word' id='word_1_61' title='bbox 394 809 440 833; x_wconf 85' lang='lat' dir='ltr'>ex</span> <span class='ocrx_word' id='word_1_62' title='bbox 462 796 535 834; x_wconf 91' lang='lat' dir='ltr'>hoc</span> <span class='ocrx_word' id='word_1_63' title='bbox 555 797 660 845; x_wconf 92' lang='lat' dir='ltr'>quod</span> <span class='ocrx_word' id='word_1_64' title='bbox 684 809 800 834; x_wconf 90' lang='lat' dir='ltr'>nemo</span> <span class='ocrx_word' id='word_1_65' title='bbox 821 804 876 834; x_wconf 87' lang='lat' dir='ltr'>est</span> <span class='ocrx_word' id='word_1_66' title='bbox 897 796 1146 835; x_wconf 89' lang='lat' dir='ltr'>honorandus</span> <span class='ocrx_word' id='word_1_67' title='bbox 1168 796 1377 834; x_wconf 90' lang='lat' dir='ltr'>secundum</span> <span class='ocrx_word' id='word_1_68' title='bbox 1399 797 1593 833; x_wconf 84' lang='lat' dir='ltr'>racionem</span> <span class='ocrx_word' id='word_1_69' title='bbox 1606 805 1662 828; x_wconf 66' lang='lat' dir='ltr'>any</span> <span class='ocrx_word' id='word_1_70' title='bbox 1675 797 1722 829; x_wconf 68' lang='lat' dir='ltr'>lay</span> <span class='ocrx_word' id='word_1_71' title='bbox 1735 797 1855 836; x_wconf 60' lang='lat' dir='ltr'>dignity·</span> 
     </span>
    </p>
   </div>
   <div class='ocr_carea' id='block_1_10' title="bbox 266 866 1593 916">
    <p class='ocr_par' dir='ltr' id='par_1_10' title="bbox 266 866 1593 916">
     <span class='ocr_line' id='line_1_11' title="bbox 266 866 1593 916; baseline 0 -13"><span class='ocrx_word' id='word_1_72' title='bbox 266 879 355 916; x_wconf 90' lang='lat' dir='ltr'>quo,</span> <span class='ocrx_word' id='word_1_73' title='bbox 389 874 431 903; x_wconf 92' lang='lat' dir='ltr'>ut</span> <span class='ocrx_word' id='word_1_74' title='bbox 464 867 528 912; x_wconf 88' lang='lat' dir='ltr'>sic,</span> <span class='ocrx_word' id='word_1_75' title='bbox 565 868 662 916; x_wconf 87' lang='lat' dir='ltr'>sapit</span> <span class='ocrx_word' id='word_1_76' title='bbox 693 868 853 904; x_wconf 90' lang='lat' dir='ltr'>vicium:</span> <span class='ocrx_word' id='word_1_77' title='bbox 884 867 951 905; x_wconf 90' lang='lat' dir='ltr'>sed</span> <span class='ocrx_word' id='word_1_78' title='bbox 985 867 1202 904; x_wconf 89' lang='lat' dir='ltr'>huiusmodi</span> <span class='ocrx_word' id='word_1_79' title='bbox 1237 866 1333 904; x_wconf 88' lang='lat' dir='ltr'>foret</span> <span class='ocrx_word' id='word_1_80' title='bbox 1365 879 1593 916; x_wconf 87' lang='lat' dir='ltr'>quecunque</span> 
     </span>
    </p>
   </div>
   <div class='ocr_carea' id='block_1_11' title="bbox 1607 831 1851 930">
    <p class='ocr_par' dir='ltr' id='par_1_11' title="bbox 1607 831 1851 930">
     <span class='ocr_line' id='line_1_12' title="bbox 1607 831 1845 857; baseline 0.008 -2"><span class='ocrx_word' id='word_1_81' title='bbox 1607 831 1675 855; x_wconf 83' lang='lat' dir='ltr'>such</span> <span class='ocrx_word' id='word_1_82' title='bbox 1689 840 1845 857; x_wconf 77' lang='lat' dir='ltr'>connexron</span> 
     </span>
     <span class='ocr_line' id='line_1_13' title="bbox 1608 864 1818 896; baseline 0.005 -7"><span class='ocrx_word' id='word_1_83' title='bbox 1608 864 1691 896; x_wconf 85' lang='lat' dir='ltr'>being</span> <span class='ocrx_word' id='word_1_84' title='bbox 1703 864 1818 896; x_wconf 80' lang='lat' dir='ltr'>vicions,</span> 
     </span>
     <span class='ocr_line' id='line_1_14' title="bbox 1607 898 1851 930; baseline 0.004 -8"><span class='ocrx_word' id='word_1_85' title='bbox 1607 898 1662 922; x_wconf 81' lang='lat' dir='ltr'>and</span> <span class='ocrx_word' id='word_1_86' title='bbox 1676 906 1732 930; x_wconf 78' lang='lat' dir='ltr'>any</span> <span class='ocrx_word' id='word_1_87' title='bbox 1742 898 1851 923; x_wconf 87' lang='lat' dir='ltr'>honour</span> 
     </span>
    </p>
   </div>
   <div class='ocr_carea' id='block_1_12' title="bbox 266 930 1838 987">
    <p class='ocr_par' dir='ltr' id='par_1_12' title="bbox 266 930 1838 987">
     <span class='ocr_line' id='line_1_15' title="bbox 266 930 1838 987; baseline 0.001 -14"><span class='ocrx_word' id='word_1_88' title='bbox 266 937 349 974; x_wconf 90' lang='lat' dir='ltr'>talis</span> <span class='ocrx_word' id='word_1_89' title='bbox 369 938 581 974; x_wconf 87' lang='lat' dir='ltr'>conneccio</span> <span class='ocrx_word' id='word_1_90' title='bbox 600 951 607 975; x_wconf 91' lang='lat'>:</span> <span class='ocrx_word' id='word_1_91' title='bbox 639 949 731 987; x_wconf 82' lang='lat' dir='ltr'>ergo</span> <span class='ocrx_word' id='word_1_92' title='bbox 752 937 961 975; x_wconf 85' lang='lat' dir='ltr'>conclusio.</span> <span class='ocrx_word' id='word_1_93' title='bbox 993 937 1096 975; x_wconf 90' lang='lat' dir='ltr'>Nam</span> <span class='ocrx_word' id='word_1_94' title='bbox 1116 938 1261 974; x_wconf 85' lang='lat' dir='ltr'>virtutis</span> <span class='ocrx_word' id='word_1_95' title='bbox 1281 944 1338 974; x_wconf 89' lang='lat' dir='ltr'>est</span> <span class='ocrx_word' id='word_1_96' title='bbox 1360 944 1396 974; x_wconf 89' lang='lat' dir='ltr'>et</span> <span class='ocrx_word' id='word_1_97' title='bbox 1416 937 1594 986; x_wconf 88' lang='lat' dir='ltr'>implecio</span> <span class='ocrx_word' id='word_1_98' title='bbox 1608 930 1674 963; x_wconf 49' lang='lat' dir='ltr'>pald</span> <span class='ocrx_word' id='word_1_99' title='bbox 1690 937 1718 957; x_wconf 66' lang='lat'>‘0</span> <span class='ocrx_word' id='word_1_100' title='bbox 1731 931 1752 957; x_wconf 60' lang='lat' dir='ltr'>it</span> <span class='ocrx_word' id='word_1_101' title='bbox 1766 931 1838 957; x_wconf 50' lang='grc' dir='ltr'>ὡς·</span> 
     </span>
    </p>
   </div>
   <div class='ocr_carea' id='block_1_13' title="bbox 51 1007 1599 2185">
    <p class='ocr_par' dir='ltr' id='par_1_13' title="bbox 268 1007 1593 1057">
     <span class='ocr_line' id='line_1_16' title="bbox 268 1007 1593 1057; baseline 0 -13"><span class='ocrx_word' id='word_1_102' title='bbox 268 1008 440 1045; x_wconf 87' lang='lat' dir='ltr'>mandati</span> <span class='ocrx_word' id='word_1_103' title='bbox 472 1008 671 1056; x_wconf 87' lang='lat' dir='ltr'>apostolici</span> <span class='ocrx_word' id='word_1_104' title='bbox 704 1008 809 1057; x_wconf 91' lang='lat' dir='ltr'>quod</span> <span class='ocrx_word' id='word_1_105' title='bbox 837 1008 1012 1046; x_wconf 84' lang='lat' dir='ltr'>raciones</span> <span class='ocrx_word' id='word_1_106' title='bbox 1041 1020 1114 1057; x_wconf 92' lang='lat' dir='ltr'>que</span> <span class='ocrx_word' id='word_1_107' title='bbox 1146 1020 1229 1045; x_wconf 82' lang='lat' dir='ltr'>sese</span> <span class='ocrx_word' id='word_1_108' title='bbox 1262 1007 1478 1057; x_wconf 88' lang='lat' dir='ltr'>impediunt</span> <span class='ocrx_word' id='word_1_109' title='bbox 1508 1020 1593 1056; x_wconf 90' lang='lat' dir='ltr'>per-</span> 
     </span>
    </p>

    <p class='ocr_par' dir='ltr' id='par_1_14' title="bbox 51 1077 1594 1269">
     <span class='ocr_line' id='line_1_17' title="bbox 53 1077 1594 1127; baseline 0 -12"><span class='ocrx_word' id='word_1_110' title='bbox 53 1087 66 1110; x_wconf 91' lang='lat'>1</span> <span class='ocrx_word' id='word_1_111' title='bbox 86 1079 162 1111; x_wconf 84' lang='lat' dir='ltr'>Cor·</span> <span class='ocrx_word' id='word_1_112' title='bbox 179 1078 233 1110; x_wconf 84' lang='lat' dir='ltr'>vii·</span> <span class='ocrx_word' id='word_1_113' title='bbox 269 1084 426 1115; x_wconf 89' lang='lat' dir='ltr'>manent</span> <span class='ocrx_word' id='word_1_114' title='bbox 445 1078 699 1127; x_wconf 86' lang='lat' dir='ltr'>impermixte.</span> <span class='ocrx_word' id='word_1_115' title='bbox 759 1078 854 1115; x_wconf 90' lang='lat' dir='ltr'>Ideo</span> <span class='ocrx_word' id='word_1_116' title='bbox 886 1078 977 1116; x_wconf 90' lang='lat' dir='ltr'>dicit</span> <span class='ocrx_word' id='word_1_117' title='bbox 998 1077 1041 1115; x_wconf 87' lang='lat'>1.¹</span> <span class='ocrx_word' id='word_1_118' title='bbox 1064 1078 1151 1116; x_wconf 89' lang='lat' dir='ltr'>Cor.</span> <span class='ocrx_word' id='word_1_119' title='bbox 1179 1078 1247 1114; x_wconf 88' lang='lat' dir='ltr'>vii0</span> <span class='ocrx_word' id='word_1_120' title='bbox 1275 1078 1531 1126; x_wconf 78' lang='lat' dir='ltr'>Unusquz&#39;sque</span> <span class='ocrx_word' id='word_1_121' title='bbox 1554 1079 1594 1115; x_wconf 81' lang='lat' dir='ltr'>in</span> 
     </span>
     <span class='ocr_line' id='line_1_18' title="bbox 51 1132 1594 1200; baseline -0.001 -14"><span class='ocrx_word' id='word_1_122' title='bbox 51 1132 120 1200; x_wconf 46' lang='lat' dir='ltr'>ssof„</span> <span class='ocrx_word' id='word_1_123' title='bbox 269 1150 454 1186; x_wconf 78' lang='lat' dir='ltr'>vocacione</span> <span class='ocrx_word' id='word_1_124' title='bbox 486 1161 558 1197; x_wconf 83' lang='lat' dir='ltr'>qua</span> <span class='ocrx_word' id='word_1_125' title='bbox 589 1154 738 1185; x_wconf 77' lang='lat' dir='ltr'>vocatus</span> <span class='ocrx_word' id='word_1_126' title='bbox 770 1153 823 1185; x_wconf 71' lang='lat' dir='ltr'>est</span> <span class='ocrx_word' id='word_1_127' title='bbox 851 1150 890 1184; x_wconf 78' lang='lat' dir='ltr'>in</span> <span class='ocrx_word' id='word_1_128' title='bbox 924 1162 965 1185; x_wconf 81' lang='lat' dir='ltr'>ea</span> <span class='ocrx_word' id='word_1_129' title='bbox 995 1154 1220 1197; x_wconf 75' lang='lat' dir='ltr'>pcrmancal.</span> <span class='ocrx_word' id='word_1_130' title='bbox 1277 1148 1327 1185; x_wconf 85' lang='lat' dir='ltr'>Et</span> <span class='ocrx_word' id='word_1_131' title='bbox 1367 1161 1481 1198; x_wconf 88' lang='lat' dir='ltr'>super</span> <span class='ocrx_word' id='word_1_132' title='bbox 1519 1149 1594 1186; x_wconf 91' lang='lat' dir='ltr'>isto</span> 
     </span>
     <span class='ocr_line' id='line_1_19' title="bbox 268 1219 1594 1269; baseline 0.001 -14"><span class='ocrx_word' id='word_1_133' title='bbox 268 1219 476 1257; x_wconf 86' lang='lat' dir='ltr'>fundantur</span> <span class='ocrx_word' id='word_1_134' title='bbox 514 1219 616 1268; x_wconf 86' lang='lat' dir='ltr'>leges</span> <span class='ocrx_word' id='word_1_135' title='bbox 654 1219 884 1268; x_wconf 86' lang='lat' dir='ltr'>multiplices</span> <span class='ocrx_word' id='word_1_136' title='bbox 923 1219 970 1257; x_wconf 92' lang='lat' dir='ltr'>de</span> <span class='ocrx_word' id='word_1_137' title='bbox 1010 1219 1158 1257; x_wconf 82' lang='lat' dir='ltr'>clericis</span> <span class='ocrx_word' id='word_1_138' title='bbox 1192 1219 1249 1256; x_wconf 92' lang='lat' dir='ltr'>vel</span> <span class='ocrx_word' id='word_1_139' title='bbox 1287 1219 1489 1257; x_wconf 89' lang='lat' dir='ltr'>monachis</span> <span class='ocrx_word' id='word_1_140' title='bbox 1528 1220 1594 1269; x_wconf 91' lang='lat' dir='ltr'>qui</span> 
     </span>
    </p>

    <p class='ocr_par' dir='ltr' id='par_1_15' title="bbox 269 1289 1593 1339">
     <span class='ocr_line' id='line_1_20' title="bbox 269 1289 1593 1339; baseline 0.001 -13"><span class='ocrx_word' id='word_1_141' title='bbox 269 1289 431 1326; x_wconf 91' lang='lat' dir='ltr'>vivendo</span> <span class='ocrx_word' id='word_1_142' title='bbox 469 1289 688 1326; x_wconf 82' lang='lat' dir='ltr'>seculariter</span> <span class='ocrx_word' id='word_1_143' title='bbox 727 1302 749 1326; x_wconf 90' lang='lat' dir='ltr'>a</span> <span class='ocrx_word' id='word_1_144' title='bbox 788 1296 885 1327; x_wconf 85' lang='lat' dir='ltr'>statu</span> <span class='ocrx_word' id='word_1_145' title='bbox 925 1301 996 1327; x_wconf 88' lang='lat' dir='ltr'>suo</span> <span class='ocrx_word' id='word_1_146' title='bbox 1034 1289 1281 1338; x_wconf 85' lang='lat' dir='ltr'>degenerant.</span> <span class='ocrx_word' id='word_1_147' title='bbox 1339 1289 1463 1336; x_wconf 80' lang='lat' dir='ltr'>Quis2</span> <span class='ocrx_word' id='word_1_148' title='bbox 1501 1301 1593 1339; x_wconf 85' lang='lat' dir='ltr'>ergo</span> 
     </span>
    </p>

    <p class='ocr_par' dir='ltr' id='par_1_16' title="bbox 215 1359 1595 1550">
     <span class='ocr_line' id='line_1_21' title="bbox 268 1359 1595 1410; baseline 0 -14"><span class='ocrx_word' id='word_1_149' title='bbox 268 1359 440 1397; x_wconf 90' lang='lat' dir='ltr'>laudaret</span> <span class='ocrx_word' id='word_1_150' title='bbox 456 1359 654 1397; x_wconf 91' lang='lat' dir='ltr'>hominem</span> <span class='ocrx_word' id='word_1_151' title='bbox 671 1360 885 1397; x_wconf 87' lang='lat' dir='ltr'>secundum</span> <span class='ocrx_word' id='word_1_152' title='bbox 906 1360 1100 1397; x_wconf 84' lang='lat' dir='ltr'>racionem</span> <span class='ocrx_word' id='word_1_153' title='bbox 1117 1373 1194 1410; x_wconf 88' lang='lat' dir='ltr'>qua</span> <span class='ocrx_word' id='word_1_154' title='bbox 1214 1360 1375 1398; x_wconf 87' lang='lat' dir='ltr'>offendit</span> <span class='ocrx_word' id='word_1_155' title='bbox 1392 1360 1595 1398; x_wconf 90' lang='lat' dir='ltr'>dominum</span> 
     </span>
     <span class='ocr_line' id='line_1_22' title="bbox 215 1429 1594 1479; baseline 0.001 -13"><span class='ocrx_word' id='word_1_156' title='bbox 215 1431 426 1479; x_wconf 85' lang='lat' dir='ltr'>15turpiter</span> <span class='ocrx_word' id='word_1_157' title='bbox 451 1429 716 1467; x_wconf 84' lang='lat' dir='ltr'>deteriorando</span> <span class='ocrx_word' id='word_1_158' title='bbox 742 1442 781 1467; x_wconf 88' lang='lat' dir='ltr'>se</span> <span class='ocrx_word' id='word_1_159' title='bbox 808 1430 960 1479; x_wconf 86' lang='lat' dir='ltr'>ipsum?</span> <span class='ocrx_word' id='word_1_160' title='bbox 994 1430 1097 1467; x_wconf 90' lang='lat' dir='ltr'>Nam</span> <span class='ocrx_word' id='word_1_161' title='bbox 1129 1430 1284 1468; x_wconf 88' lang='lat' dir='ltr'>laudare</span> <span class='ocrx_word' id='word_1_162' title='bbox 1316 1431 1373 1468; x_wconf 80' lang='lat' dir='ltr'>vel</span> <span class='ocrx_word' id='word_1_163' title='bbox 1404 1430 1594 1468; x_wconf 90' lang='lat' dir='ltr'>honorare</span> 
     </span>
     <span class='ocr_line' id='line_1_23' title="bbox 267 1500 1595 1550; baseline 0 -13"><span class='ocrx_word' id='word_1_164' title='bbox 267 1500 464 1538; x_wconf 87' lang='lat' dir='ltr'>hominem</span> <span class='ocrx_word' id='word_1_165' title='bbox 486 1501 575 1550; x_wconf 88' lang='lat' dir='ltr'>quia</span> <span class='ocrx_word' id='word_1_166' title='bbox 595 1500 690 1546; x_wconf 84' lang='lat' dir='ltr'>talis,</span> <span class='ocrx_word' id='word_1_167' title='bbox 712 1500 809 1539; x_wconf 90' lang='lat' dir='ltr'>foret</span> <span class='ocrx_word' id='word_1_168' title='bbox 835 1501 1038 1538; x_wconf 78' lang='lat' dir='ltr'>blasfeme³</span> <span class='ocrx_word' id='word_1_169' title='bbox 1057 1501 1213 1538; x_wconf 88' lang='lat' dir='ltr'>laudare</span> <span class='ocrx_word' id='word_1_170' title='bbox 1234 1508 1382 1550; x_wconf 89' lang='lat' dir='ltr'>patrem</span> <span class='ocrx_word' id='word_1_171' title='bbox 1403 1501 1595 1539; x_wconf 89' lang='lat' dir='ltr'>mendacii</span> 
     </span>
    </p>

    <p class='ocr_par' dir='ltr' id='par_1_17' title="bbox 264 1570 1595 1621">
     <span class='ocr_line' id='line_1_24' title="bbox 264 1570 1595 1621; baseline 0.001 -13"><span class='ocrx_word' id='word_1_172' title='bbox 264 1577 451 1621; x_wconf 89' lang='lat' dir='ltr'>tanquam</span> <span class='ocrx_word' id='word_1_173' title='bbox 472 1571 600 1608; x_wconf 89' lang='lat' dir='ltr'>deum.</span> <span class='ocrx_word' id='word_1_174' title='bbox 657 1570 759 1608; x_wconf 90' lang='lat' dir='ltr'>Nam</span> <span class='ocrx_word' id='word_1_175' title='bbox 781 1572 819 1608; x_wconf 92' lang='lat' dir='ltr'>in</span> <span class='ocrx_word' id='word_1_176' title='bbox 841 1572 1022 1609; x_wconf 89' lang='lat' dir='ltr'>omnibus</span> <span class='ocrx_word' id='word_1_177' title='bbox 1043 1573 1179 1609; x_wconf 90' lang='lat' dir='ltr'>creatis</span> <span class='ocrx_word' id='word_1_178' title='bbox 1199 1572 1510 1609; x_wconf 86' lang='lat' dir='ltr'>honorificandus</span> <span class='ocrx_word' id='word_1_179' title='bbox 1537 1579 1595 1610; x_wconf 91' lang='lat' dir='ltr'>est</span> 
     </span>
    </p>

    <p class='ocr_par' dir='ltr' id='par_1_18' title="bbox 266 1641 1594 1692">
     <span class='ocr_line' id='line_1_25' title="bbox 266 1641 1594 1692; baseline -0.001 -12"><span class='ocrx_word' id='word_1_180' title='bbox 266 1641 372 1688; x_wconf 90' lang='lat' dir='ltr'>deus,</span> <span class='ocrx_word' id='word_1_181' title='bbox 397 1648 596 1691; x_wconf 85' lang='lat' dir='ltr'>tamquam</span> <span class='ocrx_word' id='word_1_182' title='bbox 624 1650 758 1680; x_wconf 90' lang='lat' dir='ltr'>auctor</span> <span class='ocrx_word' id='word_1_183' title='bbox 786 1654 931 1687; x_wconf 87' lang='lat' dir='ltr'>eorum,</span> <span class='ocrx_word' id='word_1_184' title='bbox 954 1650 995 1680; x_wconf 88' lang='lat' dir='ltr'>ut</span> <span class='ocrx_word' id='word_1_185' title='bbox 1024 1649 1127 1692; x_wconf 91' lang='lat' dir='ltr'>patet</span> <span class='ocrx_word' id='word_1_186' title='bbox 1158 1656 1206 1680; x_wconf 87' lang='lat' dir='ltr'>ex</span> <span class='ocrx_word' id='word_1_187' title='bbox 1231 1643 1351 1680; x_wconf 90' lang='lat' dir='ltr'>dictis.</span> <span class='ocrx_word' id='word_1_188' title='bbox 1409 1643 1505 1681; x_wconf 92' lang='lat' dir='ltr'>Ideo</span> <span class='ocrx_word' id='word_1_189' title='bbox 1529 1643 1594 1692; x_wconf 90' lang='lat' dir='ltr'>qui</span> 
     </span>
    </p>

    <p class='ocr_par' dir='ltr' id='par_1_19' title="bbox 268 1711 1594 1762">
     <span class='ocr_line' id='line_1_26' title="bbox 268 1711 1594 1762; baseline 0.001 -13"><span class='ocrx_word' id='word_1_190' title='bbox 268 1711 432 1749; x_wconf 88' lang='lat' dir='ltr'>honorat</span> <span class='ocrx_word' id='word_1_191' title='bbox 459 1712 669 1758; x_wconf 86' lang='lat' dir='ltr'>hominem,</span> <span class='ocrx_word' id='word_1_192' title='bbox 692 1719 890 1762; x_wconf 88' lang='lat' dir='ltr'>tamquam</span> <span class='ocrx_word' id='word_1_193' title='bbox 914 1713 1040 1759; x_wconf 87' lang='lat' dir='ltr'>talem,</span> <span class='ocrx_word' id='word_1_194' title='bbox 1064 1713 1231 1750; x_wconf 90' lang='lat' dir='ltr'>honorat</span> <span class='ocrx_word' id='word_1_195' title='bbox 1255 1713 1369 1750; x_wconf 88' lang='lat' dir='ltr'>deum</span> <span class='ocrx_word' id='word_1_196' title='bbox 1396 1720 1594 1762; x_wconf 86' lang='lat' dir='ltr'>tamquam</span> 
     </span>
    </p>

    <p class='ocr_par' dir='ltr' id='par_1_20' title="bbox 217 1783 1596 1903">
     <span class='ocr_line' id='line_1_27' title="bbox 217 1783 1594 1832; baseline 0.002 -15"><span class='ocrx_word' id='word_1_197' title='bbox 217 1794 257 1818; x_wconf 85' lang='lat'>20</span> <span class='ocrx_word' id='word_1_198' title='bbox 270 1789 466 1820; x_wconf 89' lang='lat' dir='ltr'>auctorem</span> <span class='ocrx_word' id='word_1_199' title='bbox 501 1783 692 1821; x_wconf 89' lang='lat' dir='ltr'>mendacii</span> <span class='ocrx_word' id='word_1_200' title='bbox 726 1783 785 1820; x_wconf 84' lang='lat' dir='ltr'>vel</span> <span class='ocrx_word' id='word_1_201' title='bbox 818 1784 976 1832; x_wconf 88' lang='lat' dir='ltr'>peccati,</span> <span class='ocrx_word' id='word_1_202' title='bbox 1007 1791 1045 1821; x_wconf 93' lang='lat' dir='ltr'>et</span> <span class='ocrx_word' id='word_1_203' title='bbox 1078 1796 1166 1822; x_wconf 92' lang='lat' dir='ltr'>cum</span> <span class='ocrx_word' id='word_1_204' title='bbox 1200 1784 1295 1821; x_wconf 88' lang='lat' dir='ltr'>deus</span> <span class='ocrx_word' id='word_1_205' title='bbox 1328 1784 1480 1821; x_wconf 90' lang='lat' dir='ltr'>mentiri</span> <span class='ocrx_word' id='word_1_206' title='bbox 1515 1795 1594 1820; x_wconf 89' lang='lat' dir='ltr'>non</span> 
     </span>
     <span class='ocr_line' id='line_1_28' title="bbox 268 1852 1596 1903; baseline 0 -13"><span class='ocrx_word' id='word_1_207' title='bbox 268 1859 405 1903; x_wconf 88' lang='lat' dir='ltr'>potest,</span> <span class='ocrx_word' id='word_1_208' title='bbox 422 1860 461 1890; x_wconf 90' lang='lat' dir='ltr'>ut</span> <span class='ocrx_word' id='word_1_209' title='bbox 482 1853 570 1891; x_wconf 87' lang='lat' dir='ltr'>dicit</span> <span class='ocrx_word' id='word_1_210' title='bbox 584 1852 818 1891; x_wconf 88' lang='lat' dir='ltr'>Anshelmus</span> <span class='ocrx_word' id='word_1_211' title='bbox 838 1854 963 1903; x_wconf 91' lang='lat' dir='ltr'>primo</span> <span class='ocrx_word' id='word_1_212' title='bbox 992 1853 1075 1892; x_wconf 80' lang='lat' dir='ltr'>Cur</span> <span class='ocrx_word' id='word_1_213' title='bbox 1094 1856 1178 1891; x_wconf 74' lang='lat' dir='ltr'>deus</span> <span class='ocrx_word' id='word_1_214' title='bbox 1196 1855 1299 1891; x_wconf 82' lang='lat' dir='ltr'>homo</span> <span class='ocrx_word' id='word_1_215' title='bbox 1317 1856 1369 1902; x_wconf 91' lang='lat' dir='ltr'>(et</span> <span class='ocrx_word' id='word_1_216' title='bbox 1383 1854 1596 1903; x_wconf 87' lang='lat' dir='ltr'>Apostolus</span> 
     </span>
    </p>

    <p class='ocr_par' dir='ltr' id='par_1_21' title="bbox 55 1924 1599 2185">
     <span class='ocr_line' id='line_1_29' title="bbox 56 1924 1596 1975; baseline -0.001 -12"><span class='ocrx_word' id='word_1_217' title='bbox 56 1940 71 1962; x_wconf 80' lang='lat'><em>2</em></span> <span class='ocrx_word' id='word_1_218' title='bbox 90 1927 176 1963; x_wconf 88' lang='lat' dir='ltr'>Tim.</span> <span class='ocrx_word' id='word_1_219' title='bbox 194 1929 228 1962; x_wconf 81' lang='lat' dir='ltr'>ii.</span> <span class='ocrx_word' id='word_1_220' title='bbox 274 1929 316 1960; x_wconf 68' lang='lat' dir='ltr'>2a</span> <span class='ocrx_word' id='word_1_221' title='bbox 348 1924 547 1962; x_wconf 87' lang='lat' dir='ltr'>Thimoth.</span> <span class='ocrx_word' id='word_1_222' title='bbox 572 1924 617 1961; x_wconf 82' lang='lat' dir='ltr'>iio</span> <span class='ocrx_word' id='word_1_223' title='bbox 647 1924 738 1962; x_wconf 85' lang='lat' dir='ltr'>dicit</span> <span class='ocrx_word' id='word_1_224' title='bbox 764 1924 870 1973; x_wconf 90' lang='lat' dir='ltr'>quod</span> <span class='ocrx_word' id='word_1_225' title='bbox 897 1925 991 1962; x_wconf 89' lang='lat' dir='ltr'>deus</span> <span class='ocrx_word' id='word_1_226' title='bbox 1013 1939 1048 1962; x_wconf 85' lang='lat' dir='ltr'>se</span> <span class='ocrx_word' id='word_1_227' title='bbox 1071 1927 1189 1974; x_wconf 54' lang='lat' dir='ltr'>{psum</span> <span class='ocrx_word' id='word_1_228' title='bbox 1219 1939 1351 1975; x_wconf 72' lang='lat' dir='ltr'>negare</span> <span class='ocrx_word' id='word_1_229' title='bbox 1379 1938 1450 1962; x_wconf 83' lang='lat' dir='ltr'>non</span> <span class='ocrx_word' id='word_1_230' title='bbox 1469 1929 1596 1974; x_wconf 72' lang='lat' dir='ltr'>polest,</span> 
     </span>
     <span class='ocr_line' id='line_1_30' title="bbox 55 1980 1599 2046; baseline 0.001 -15"><span class='ocrx_word' id='word_1_231' title='bbox 55 1980 83 2014; x_wconf 81' lang='lat'>7&#39;</span> <span class='ocrx_word' id='word_1_232' title='bbox 270 2000 309 2031; x_wconf 90' lang='lat' dir='ltr'>et</span> <span class='ocrx_word' id='word_1_233' title='bbox 332 1994 435 2031; x_wconf 89' lang='lat' dir='ltr'>idem</span> <span class='ocrx_word' id='word_1_234' title='bbox 464 1995 719 2032; x_wconf 88' lang='lat' dir='ltr'>sentenciatur</span> <span class='ocrx_word' id='word_1_235' title='bbox 748 1995 787 2031; x_wconf 91' lang='lat' dir='ltr'>in</span> <span class='ocrx_word' id='word_1_236' title='bbox 816 2002 857 2031; x_wconf 85' lang='lat' dir='ltr'>v0</span> <span class='ocrx_word' id='word_1_237' title='bbox 886 1995 933 2032; x_wconf 92' lang='lat' dir='ltr'>de</span> <span class='ocrx_word' id='word_1_238' title='bbox 962 1995 1125 2033; x_wconf 89' lang='lat' dir='ltr'>trinitate</span> <span class='ocrx_word' id='word_1_239' title='bbox 1168 1995 1337 2044; x_wconf 90' lang='lat' dir='ltr'>capitulo</span> <span class='ocrx_word' id='word_1_240' title='bbox 1366 1993 1464 2046; x_wconf 81' lang='lat' dir='ltr'>xvio)</span> <span class='ocrx_word' id='word_1_241' title='bbox 1494 2001 1599 2044; x_wconf 86' lang='lat' dir='ltr'>patet</span> 
     </span>
     <span class='ocr_line' id='line_1_31' title="bbox 271 2064 1599 2115; baseline 0.001 -14"><span class='ocrx_word' id='word_1_242' title='bbox 271 2064 378 2113; x_wconf 87' lang='lat' dir='ltr'>quod</span> <span class='ocrx_word' id='word_1_243' title='bbox 397 2065 436 2101; x_wconf 90' lang='lat' dir='ltr'>in</span> <span class='ocrx_word' id='word_1_244' title='bbox 457 2065 563 2102; x_wconf 91' lang='lat' dir='ltr'>omni</span> <span class='ocrx_word' id='word_1_245' title='bbox 584 2065 809 2103; x_wconf 90' lang='lat' dir='ltr'>laudacione</span> <span class='ocrx_word' id='word_1_246' title='bbox 826 2067 1051 2115; x_wconf 89' lang='lat' dir='ltr'>peccatoris,</span> <span class='ocrx_word' id='word_1_247' title='bbox 1067 2073 1108 2103; x_wconf 91' lang='lat' dir='ltr'>ut</span> <span class='ocrx_word' id='word_1_248' title='bbox 1128 2065 1358 2112; x_wconf 88' lang='lat' dir='ltr'>huiusmodi,</span> <span class='ocrx_word' id='word_1_249' title='bbox 1377 2074 1433 2103; x_wconf 89' lang='lat' dir='ltr'>est</span> <span class='ocrx_word' id='word_1_250' title='bbox 1448 2065 1599 2104; x_wconf 89' lang='lat' dir='ltr'>occulta</span> 
     </span>
     <span class='ocr_line' id='line_1_32' title="bbox 219 2134 1597 2185; baseline 0 -13"><span class='ocrx_word' id='word_1_251' title='bbox 219 2140 257 2172; x_wconf 84' lang='lat'>25</span> <span class='ocrx_word' id='word_1_252' title='bbox 271 2134 482 2172; x_wconf 88' lang='lat' dir='ltr'>blasfemia.</span> <span class='ocrx_word' id='word_1_253' title='bbox 538 2135 589 2172; x_wconf 84' lang='lat' dir='ltr'>Et</span> <span class='ocrx_word' id='word_1_254' title='bbox 620 2136 748 2173; x_wconf 78' lang='lat' dir='ltr'>nunc⁴</span> <span class='ocrx_word' id='word_1_255' title='bbox 781 2136 941 2173; x_wconf 85' lang='lat' dir='ltr'>ecclesia</span> <span class='ocrx_word' id='word_1_256' title='bbox 971 2136 1173 2174; x_wconf 85' lang='lat' dir='ltr'>efficaciter</span> <span class='ocrx_word' id='word_1_257' title='bbox 1203 2143 1455 2185; x_wconf 84' lang='lat' dir='ltr'>cognosceret</span> <span class='ocrx_word' id='word_1_258' title='bbox 1486 2137 1597 2173; x_wconf 82' lang='lat' dir='ltr'>istam</span> 
     </span>
    </p>
   </div>
   <div class='ocr_carea' id='block_1_14' title="bbox 271 2201 1598 2255">
    <p class='ocr_par' dir='ltr' id='par_1_22' title="bbox 271 2201 1598 2255">
     <span class='ocr_line' id='line_1_33' title="bbox 271 2201 1598 2255; baseline 0 -13"><span class='ocrx_word' id='word_1_259' title='bbox 271 2201 430 2250; x_wconf 85' lang='lat' dir='ltr'>scolam,</span> <span class='ocrx_word' id='word_1_260' title='bbox 452 2212 544 2243; x_wconf 87' lang='lat' dir='ltr'>tunc</span> <span class='ocrx_word' id='word_1_261' title='bbox 566 2206 669 2242; x_wconf 90' lang='lat' dir='ltr'>enim</span> <span class='ocrx_word' id='word_1_262' title='bbox 690 2218 737 2243; x_wconf 84' lang='lat' dir='ltr'>ex</span> <span class='ocrx_word' id='word_1_263' title='bbox 758 2206 985 2243; x_wconf 87' lang='lat' dir='ltr'>verecundia</span> <span class='ocrx_word' id='word_1_264' title='bbox 1001 2218 1075 2255; x_wconf 90' lang='lat' dir='ltr'>qua</span> <span class='ocrx_word' id='word_1_265' title='bbox 1091 2206 1402 2244; x_wconf 88' lang='lat' dir='ltr'>abhominaretur</span> <span class='ocrx_word' id='word_1_266' title='bbox 1419 2207 1598 2244; x_wconf 90' lang='lat' dir='ltr'>mentitor</span> 
     </span>
    </p>
   </div>
   <div class='ocr_carea' id='block_1_15' title="bbox 1607 965 1751 998">
    <p class='ocr_par' dir='ltr' id='par_1_23' title="bbox 1607 965 1751 998">
     <span class='ocr_line' id='line_1_34' title="bbox 1607 965 1751 998; baseline 0.007 -8"><span class='ocrx_word' id='word_1_267' title='bbox 1607 965 1751 998; x_wconf 86' lang='lat' dir='ltr'>phemous.</span> 
     </span>
    </p>
   </div>
   <div class='ocr_carea' id='block_1_16' title="bbox 270 2275 1817 2326">
    <p class='ocr_par' dir='ltr' id='par_1_24' title="bbox 270 2275 1817 2326">
     <span class='ocr_line' id='line_1_35' title="bbox 270 2275 1817 2326; baseline -0.002 -14"><span class='ocrx_word' id='word_1_268' title='bbox 270 2287 292 2312; x_wconf 90' lang='lat' dir='ltr'>a</span> <span class='ocrx_word' id='word_1_269' title='bbox 313 2275 489 2312; x_wconf 87' lang='lat' dir='ltr'>fidelibus</span> <span class='ocrx_word' id='word_1_270' title='bbox 509 2276 713 2313; x_wconf 89' lang='lat' dir='ltr'>dimitteret</span> <span class='ocrx_word' id='word_1_271' title='bbox 735 2276 788 2313; x_wconf 90' lang='lat' dir='ltr'>sic</span> <span class='ocrx_word' id='word_1_272' title='bbox 809 2277 973 2326; x_wconf 45' lang='lat' dir='ltr'>mentiri:</span> <span class='ocrx_word' id='word_1_273' title='bbox 1005 2277 1105 2323; x_wconf 85' lang='lat' dir='ltr'>Que,</span> <span class='ocrx_word' id='word_1_274' title='bbox 1129 2289 1234 2325; x_wconf 84' lang='lat' dir='ltr'>rog0‚</span> <span class='ocrx_word' id='word_1_275' title='bbox 1257 2278 1379 2314; x_wconf 91' lang='lat' dir='ltr'>maior</span> <span class='ocrx_word' id='word_1_276' title='bbox 1400 2277 1598 2314; x_wconf 88' lang='lat' dir='ltr'>blasfemia</span> <span class='ocrx_word' id='word_1_277' title='bbox 1614 2284 1667 2310; x_wconf 83' lang='lat' dir='ltr'>For</span> <span class='ocrx_word' id='word_1_278' title='bbox 1681 2283 1817 2310; x_wconf 64' lang='lat' dir='ltr'>itassem</span> 
     </span>
    </p>
   </div>
   <div class='ocr_carea' id='block_1_17' title="bbox 1612 2317 1820 2343">
    <p class='ocr_par' dir='ltr' id='par_1_25' title="bbox 1612 2317 1820 2343">
     <span class='ocr_line' id='line_1_36' title="bbox 1612 2317 1820 2343; baseline -0.005 0"><span class='ocrx_word' id='word_1_279' title='bbox 1612 2318 1674 2343; x_wconf 84' lang='lat' dir='ltr'>that</span> <span class='ocrx_word' id='word_1_280' title='bbox 1687 2319 1734 2343; x_wconf 79' lang='lat' dir='ltr'>the</span> <span class='ocrx_word' id='word_1_281' title='bbox 1747 2317 1820 2343; x_wconf 84' lang='lat' dir='ltr'>devil</span> 
     </span>
    </p>
   </div>
   <div class='ocr_carea' id='block_1_18' title="bbox 271 2347 1860 2398">
    <p class='ocr_par' dir='ltr' id='par_1_26' title="bbox 271 2347 1860 2398">
     <span class='ocr_line' id='line_1_37' title="bbox 271 2347 1860 2398; baseline 0.001 -16"><span class='ocrx_word' id='word_1_282' title='bbox 271 2357 388 2394; x_wconf 89' lang='lat' dir='ltr'>quam</span> <span class='ocrx_word' id='word_1_283' title='bbox 408 2352 630 2383; x_wconf 88' lang='lat' dir='ltr'>constanter</span> <span class='ocrx_word' id='word_1_284' title='bbox 649 2358 819 2384; x_wconf 89' lang='lat' dir='ltr'>asserere</span> <span class='ocrx_word' id='word_1_285' title='bbox 839 2348 944 2395; x_wconf 89' lang='lat' dir='ltr'>quod</span> <span class='ocrx_word' id='word_1_286' title='bbox 965 2347 1052 2385; x_wconf 87' lang='lat' dir='ltr'>licet</span> <span class='ocrx_word' id='word_1_287' title='bbox 1072 2348 1219 2385; x_wconf 89' lang='lat' dir='ltr'>homini</span> <span class='ocrx_word' id='word_1_288' title='bbox 1239 2348 1361 2386; x_wconf 86' lang='lat' dir='ltr'>facere</span> <span class='ocrx_word' id='word_1_289' title='bbox 1383 2348 1486 2398; x_wconf 90' lang='lat' dir='ltr'>quod</span> <span class='ocrx_word' id='word_1_290' title='bbox 1507 2348 1600 2385; x_wconf 91' lang='lat' dir='ltr'>deus</span> <span class='ocrx_word' id='word_1_291' title='bbox 1612 2360 1664 2377; x_wconf 81' lang='lat' dir='ltr'>can</span> <span class='ocrx_word' id='word_1_292' title='bbox 1678 2351 1741 2383; x_wconf 76' lang='lat' dir='ltr'>give</span> <span class='ocrx_word' id='word_1_293' title='bbox 1758 2352 1860 2377; x_wconf 55' lang='lat' dir='ltr'>licetne</span> 
     </span>
    </p>
   </div>
   <div class='ocr_carea' id='block_1_19' title="bbox 1613 2385 1798 2417">
    <p class='ocr_par' dir='ltr' id='par_1_27' title="bbox 1613 2385 1798 2417">
     <span class='ocr_line' id='line_1_38' title="bbox 1613 2385 1798 2417; baseline -0.005 -7"><span class='ocrx_word' id='word_1_294' title='bbox 1613 2391 1642 2410; x_wconf 79' lang='lat' dir='ltr'>to</span> <span class='ocrx_word' id='word_1_295' title='bbox 1654 2385 1690 2410; x_wconf 92' lang='lat' dir='ltr'>do</span> <span class='ocrx_word' id='word_1_296' title='bbox 1704 2385 1798 2417; x_wconf 82' lang='lat' dir='ltr'>things</span> 
     </span>
    </p>
   </div>
   <div class='ocr_carea' id='block_1_20' title="bbox 273 2415 1836 2478">
    <p class='ocr_par' dir='ltr' id='par_1_28' title="bbox 273 2415 1836 2478">
     <span class='ocr_line' id='line_1_39' title="bbox 273 2415 1836 2478; baseline 0.003 -27"><span class='ocrx_word' id='word_1_297' title='bbox 273 2425 354 2451; x_wconf 89' lang='lat' dir='ltr'>non</span> <span class='ocrx_word' id='word_1_298' title='bbox 375 2416 528 2463; x_wconf 88' lang='lat' dir='ltr'>potest?</span> <span class='ocrx_word' id='word_1_299' title='bbox 558 2415 660 2461; x_wconf 87' lang='lat' dir='ltr'>Quia</span> <span class='ocrx_word' id='word_1_300' title='bbox 680 2423 771 2453; x_wconf 89' lang='lat' dir='ltr'>tunc</span> <span class='ocrx_word' id='word_1_301' title='bbox 792 2423 983 2465; x_wconf 86' lang='lat' dir='ltr'>oporteret</span> <span class='ocrx_word' id='word_1_302' title='bbox 1001 2418 1212 2456; x_wconf 87' lang='lat' dir='ltr'>concedere</span> <span class='ocrx_word' id='word_1_303' title='bbox 1228 2419 1332 2468; x_wconf 90' lang='lat' dir='ltr'>quod</span> <span class='ocrx_word' id='word_1_304' title='bbox 1349 2419 1467 2456; x_wconf 91' lang='lat' dir='ltr'>homo</span> <span class='ocrx_word' id='word_1_305' title='bbox 1484 2419 1599 2456; x_wconf 90' lang='lat' dir='ltr'>habet</span> <span class='ocrx_word' id='word_1_306' title='bbox 1613 2418 1695 2478; x_wconf 38' lang='lat'>32¹⁸</span> <span class='ocrx_word' id='word_1_307' title='bbox 1708 2419 1771 2445; x_wconf 76' lang='lat' dir='ltr'>GOd</span> <span class='ocrx_word' id='word_1_308' title='bbox 1785 2427 1836 2445; x_wconf 70' lang='lat'>⁶³¹¹</span> 
     </span>
    </p>
   </div>
   <div class='ocr_carea' id='block_1_21' title="bbox 218 2484 1600 2820">
    <p class='ocr_par' dir='ltr' id='par_1_29' title="bbox 218 2484 1600 2820">
     <span class='ocr_line' id='line_1_40' title="bbox 218 2484 1600 2538; baseline 0.004 -17"><span class='ocrx_word' id='word_1_309' title='bbox 218 2493 260 2526; x_wconf 80' lang='lat'>30</span> <span class='ocrx_word' id='word_1_310' title='bbox 275 2484 477 2522; x_wconf 88' lang='lat' dir='ltr'>licenciam</span> <span class='ocrx_word' id='word_1_311' title='bbox 507 2492 545 2523; x_wconf 90' lang='lat' dir='ltr'>et</span> <span class='ocrx_word' id='word_1_312' title='bbox 576 2486 770 2524; x_wconf 89' lang='lat' dir='ltr'>maliciam</span> <span class='ocrx_word' id='word_1_313' title='bbox 804 2487 925 2525; x_wconf 88' lang='lat' dir='ltr'>laudis</span> <span class='ocrx_word' id='word_1_314' title='bbox 956 2494 993 2525; x_wconf 92' lang='lat' dir='ltr'>et</span> <span class='ocrx_word' id='word_1_315' title='bbox 1024 2488 1181 2526; x_wconf 86' lang='lat' dir='ltr'>honoris</span> <span class='ocrx_word' id='word_1_316' title='bbox 1216 2501 1238 2526; x_wconf 94' lang='lat' dir='ltr'>a</span> <span class='ocrx_word' id='word_1_317' title='bbox 1268 2497 1375 2538; x_wconf 89' lang='lat' dir='ltr'>patre</span> <span class='ocrx_word' id='word_1_318' title='bbox 1408 2490 1600 2528; x_wconf 88' lang='lat' dir='ltr'>mendacii</span> 
     </span>
     <span class='ocr_line' id='line_1_41' title="bbox 272 2556 1598 2609; baseline 0.005 -18"><span class='ocrx_word' id='word_1_319' title='bbox 272 2567 391 2604; x_wconf 90' lang='lat' dir='ltr'>quam</span> <span class='ocrx_word' id='word_1_320' title='bbox 422 2567 501 2592; x_wconf 91' lang='lat' dir='ltr'>non</span> <span class='ocrx_word' id='word_1_321' title='bbox 531 2563 659 2605; x_wconf 87' lang='lat' dir='ltr'>potest</span> <span class='ocrx_word' id='word_1_322' title='bbox 693 2556 834 2594; x_wconf 88' lang='lat' dir='ltr'>habere</span> <span class='ocrx_word' id='word_1_323' title='bbox 865 2570 888 2595; x_wconf 90' lang='lat' dir='ltr'>a</span> <span class='ocrx_word' id='word_1_324' title='bbox 918 2558 990 2596; x_wconf 90' lang='lat' dir='ltr'>deo</span> <span class='ocrx_word' id='word_1_325' title='bbox 1022 2571 1136 2606; x_wconf 80' lang='lat' dir='ltr'>vero3</span> <span class='ocrx_word' id='word_1_326' title='bbox 1176 2566 1213 2596; x_wconf 92' lang='lat' dir='ltr'>et</span> <span class='ocrx_word' id='word_1_327' title='bbox 1251 2572 1319 2609; x_wconf 90' lang='lat' dir='ltr'>per</span> <span class='ocrx_word' id='word_1_328' title='bbox 1357 2572 1598 2609; x_wconf 90' lang='lat' dir='ltr'>consequens</span> 
     </span>
     <span class='ocr_line' id='line_1_42' title="bbox 275 2625 1597 2679; baseline 0.005 -18"><span class='ocrx_word' id='word_1_329' title='bbox 275 2625 358 2675; x_wconf 86' lang='lat' dir='ltr'>ipse</span> <span class='ocrx_word' id='word_1_330' title='bbox 379 2638 457 2664; x_wconf 91' lang='lat' dir='ltr'>non</span> <span class='ocrx_word' id='word_1_331' title='bbox 478 2625 572 2664; x_wconf 86' lang='lat' dir='ltr'>foret</span> <span class='ocrx_word' id='word_1_332' title='bbox 592 2627 727 2675; x_wconf 90' lang='lat' dir='ltr'>plenus</span> <span class='ocrx_word' id='word_1_333' title='bbox 747 2627 851 2673; x_wconf 88' lang='lat' dir='ltr'>deus,</span> <span class='ocrx_word' id='word_1_334' title='bbox 873 2629 939 2666; x_wconf 90' lang='lat' dir='ltr'>sed</span> <span class='ocrx_word' id='word_1_335' title='bbox 963 2629 1148 2678; x_wconf 87' lang='lat' dir='ltr'>indigeret</span> <span class='ocrx_word' id='word_1_336' title='bbox 1175 2630 1415 2679; x_wconf 89' lang='lat' dir='ltr'>perfeccione</span> <span class='ocrx_word' id='word_1_337' title='bbox 1437 2631 1597 2668; x_wconf 87' lang='lat' dir='ltr'>iuvantis</span> 
     </span>
     <span class='ocr_line' id='line_1_43' title="bbox 274 2695 1595 2750; baseline 0.005 -18"><span class='ocrx_word' id='word_1_338' title='bbox 274 2695 417 2733; x_wconf 89' lang='lat' dir='ltr'>diaboli</span> <span class='ocrx_word' id='word_1_339' title='bbox 437 2697 558 2734; x_wconf 86' lang='lat' dir='ltr'>eciam</span> <span class='ocrx_word' id='word_1_340' title='bbox 579 2697 616 2734; x_wconf 92' lang='lat' dir='ltr'>in</span> <span class='ocrx_word' id='word_1_341' title='bbox 637 2698 743 2735; x_wconf 89' lang='lat' dir='ltr'>bono</span> <span class='ocrx_word' id='word_1_342' title='bbox 765 2698 928 2735; x_wconf 90' lang='lat' dir='ltr'>factibili.</span> <span class='ocrx_word' id='word_1_343' title='bbox 978 2699 1095 2745; x_wconf 87' lang='lat' dir='ltr'>Quod</span> <span class='ocrx_word' id='word_1_344' title='bbox 1116 2700 1197 2749; x_wconf 87' lang='lat' dir='ltr'>ipse</span> <span class='ocrx_word' id='word_1_345' title='bbox 1218 2713 1297 2738; x_wconf 88' lang='lat' dir='ltr'>non</span> <span class='ocrx_word' id='word_1_346' title='bbox 1317 2708 1442 2750; x_wconf 88' lang='lat' dir='ltr'>potest</span> <span class='ocrx_word' id='word_1_347' title='bbox 1462 2701 1595 2747; x_wconf 83' lang='lat' dir='ltr'>facere,</span> 
     </span>
     <span class='ocr_line' id='line_1_44' title="bbox 272 2766 1598 2820; baseline 0.005 -18"><span class='ocrx_word' id='word_1_348' title='bbox 272 2766 363 2815; x_wconf 91' lang='lat' dir='ltr'>quia</span> <span class='ocrx_word' id='word_1_349' title='bbox 384 2766 478 2804; x_wconf 86' lang='lat' dir='ltr'>foret</span> <span class='ocrx_word' id='word_1_350' title='bbox 491 2766 679 2805; x_wconf 90' lang='lat' dir='ltr'>horrenda</span> <span class='ocrx_word' id='word_1_351' title='bbox 695 2768 900 2813; x_wconf 90' lang='lat' dir='ltr'>blasfemia,</span> <span class='ocrx_word' id='word_1_352' title='bbox 914 2781 1002 2806; x_wconf 84' lang='lat' dir='ltr'>curn</span> <span class='ocrx_word' id='word_1_353' title='bbox 1023 2777 1159 2807; x_wconf 89' lang='lat' dir='ltr'>cuncta</span> <span class='ocrx_word' id='word_1_354' title='bbox 1175 2771 1442 2819; x_wconf 87' lang='lat' dir='ltr'>peccatorum⁵</span> <span class='ocrx_word' id='word_1_355' title='bbox 1457 2783 1598 2820; x_wconf 87' lang='lat' dir='ltr'>genera</span> 
     </span>
    </p>
   </div>
   <div class='ocr_carea' id='block_1_22' title="bbox 274 2854 1576 2950">
    <p class='ocr_par' dir='ltr' id='par_1_30' title="bbox 274 2854 1576 2950">
     <span class='ocr_line' id='line_1_45' title="bbox 317 2854 1576 2899; baseline 0.004 -14"><span class='ocrx_word' id='word_1_356' title='bbox 317 2854 328 2872; x_wconf 87' lang='lat'>¹</span> <span class='ocrx_word' id='word_1_357' title='bbox 353 2855 390 2893; x_wconf 93' lang='lat'>1.,</span> <span class='ocrx_word' id='word_1_358' title='bbox 414 2866 474 2886; x_wconf 89' lang='lat' dir='ltr'>om.</span> <span class='ocrx_word' id='word_1_359' title='bbox 493 2864 525 2886; x_wconf 84' lang='grc' dir='ltr'>Α.</span> <span class='ocrx_word' id='word_1_360' title='bbox 620 2855 631 2872; x_wconf 82' lang='lat'>²</span> <span class='ocrx_word' id='word_1_361' title='bbox 654 2857 730 2898; x_wconf 89' lang='lat' dir='ltr'>quia</span> <span class='ocrx_word' id='word_1_362' title='bbox 747 2862 810 2898; x_wconf 78' lang='lat' dir='ltr'>pro</span> <span class='ocrx_word' id='word_1_363' title='bbox 834 2858 916 2899; x_wconf 85' lang='lat' dir='ltr'>quis,</span> <span class='ocrx_word' id='word_1_364' title='bbox 934 2865 967 2895; x_wconf 85' lang='grc' dir='ltr'>Α,</span> <span class='ocrx_word' id='word_1_365' title='bbox 988 2866 1015 2888; x_wconf 77' lang='grc' dir='ltr'>Β.</span> <span class='ocrx_word' id='word_1_366' title='bbox 1116 2858 1126 2875; x_wconf 80' lang='lat'><strong>³</strong></span> <span class='ocrx_word' id='word_1_367' title='bbox 1150 2859 1328 2899; x_wconf 84' lang='lat' dir='ltr'>blasfemie,</span> <span class='ocrx_word' id='word_1_368' title='bbox 1347 2869 1379 2891; x_wconf 80' lang='grc' dir='ltr'>Α.</span> <span class='ocrx_word' id='word_1_369' title='bbox 1478 2860 1488 2877; x_wconf 77' lang='lat'>¹</span> <span class='ocrx_word' id='word_1_370' title='bbox 1512 2870 1576 2890; x_wconf 88' lang='lat' dir='ltr'>nun</span> 
     </span>
     <span class='ocr_line' id='line_1_46' title="bbox 274 2906 1248 2950; baseline 0.005 -14"><span class='ocrx_word' id='word_1_371' title='bbox 274 2914 308 2943; x_wconf 80' lang='grc' dir='ltr'>Α,</span> <span class='ocrx_word' id='word_1_372' title='bbox 326 2913 354 2937; x_wconf 84' lang='grc' dir='ltr'>Β.</span> <span class='ocrx_word' id='word_1_373' title='bbox 402 2906 524 2937; x_wconf 88' lang='lat' dir='ltr'>utinam</span> <span class='ocrx_word' id='word_1_374' title='bbox 541 2918 620 2939; x_wconf 72' lang='lat' dir='ltr'>corr.</span> <span class='ocrx_word' id='word_1_375' title='bbox 640 2909 724 2939; x_wconf 61' lang='lat' dir='ltr'>lja&#39;d.</span> <span class='ocrx_word' id='word_1_376' title='bbox 815 2908 826 2926; x_wconf 90' lang='lat'>⁵</span> <span class='ocrx_word' id='word_1_377' title='bbox 850 2920 968 2949; x_wconf 85' lang='lat' dir='ltr'>genera</span> <span class='ocrx_word' id='word_1_378' title='bbox 984 2915 1200 2950; x_wconf 68' lang='lat' dir='ltr'>peccatorum,</span> <span class='ocrx_word' id='word_1_379' title='bbox 1219 2918 1248 2941; x_wconf 83' lang='grc' dir='ltr'>Β.</span> 
     </span>
    </p>
   </div>
  </div>
 </body>
</html>
