2018 3401
118 302 197 355 238
816 313 878 344 DE
912 312 1108 345 OFFICIO
1142 313 1298 345 REGIS.

395 424 562 466 poetam.
624 416 685 455 Sic
716 418 820 454 enim
847 425 903 456 est
925 417 1161 456 Holofernes
1195 418 1324 468 gladio
1358 419 1513 468 proprio
1546 418 1724 457 occiden-
1738 427 1804 461 Tit.
1824 429 1844 462 i.
1866 437 1914 460 12.

395 487 478 533 dus,
499 494 536 525 et
564 500 633 537 per
658 487 729 526 hec
756 495 882 538 potest
909 489 1086 527 convinci
1115 496 1300 537 quantum
1328 489 1489 538 epistule
1516 489 1725 528 decretales

397 557 566 596 *novelle
607 559 806 596 dissonant
849 560 897 596 ab
937 559 1114 608 antiquis.
1172 559 1288 597 Unde
1328 572 1465 598 omnes
1514 560 1725 599 decretales
1738 568 1786 597 49
1805 576 1835 598 a.

394 630 553 678 epistule
585 642 660 679 que
692 637 830 667 sonant
864 630 952 667 cleri
988 630 1224 667 civilitateml
1253 630 1426 668 videntur
1455 643 1588 680 sapere
1617 631 1725 669 here-

394 702 509 738 ticam
539 701 776 750 pravitatem,
799 707 840 738 ut
867 701 1080 750 specialiter
1100 701 1247 738 videtur
1273 701 1319 739 de
1342 701 1404 739 illa
1423 701 1585 751 epistula
1612 701 1724 751 primi
1739 712 1756 744 5

394 771 640 809 decretalium
661 771 721 808 De
743 770 977 821 Majoritate,
1000 771 1178 821 capitulo,
1194 771 1317 818 Some,
1339 780 1375 809 et
1402 773 1572 810 secundo
1594 772 1724 810 decre·
1738 774 1869 805 Decret.

450 843 456 849 .
718 843 724 850 .
796 843 801 849 .
999 843 1004 849 .
1309 843 1315 851 .
1472 845 1477 851 .
1738 817 1809 848 Lib.
1827 824 1849 848 1.
1866 816 1932 848 Tit.

393 843 526 880 talium
554 843 614 880 De
639 849 881 880 restitucione
909 839 1210 894 spol1[at]orum,
1231 843 1399 892 capitulo
1420 843 1598 890 Litteras,
1621 844 1724 893 quod
1737 860 1847 892 xxxiii.
1865 869 1891 891 c.
1909 859 1942 899 6,

1736 908 1766 934 et
1783 903 1856 934 Lib.
1876 910 1916 934 11.

1737 946 1803 978 Tit.
1822 946 1890 978 xlii.

392 985 640 1022 comunicare
671 983 897 1022 hominem²
931 990 1089 1033 propter
1123 985 1415 1022 observanciam
1449 985 1544 1034 legis
1577 985 1650 1031 dei,
1683 992 1724 1022 ut
1737 1000 1763 1021 c.
1786 998 1835 1029 13.

393 914 541 951 videtur
570 925 738 951 asserere
767 919 805 950 et
832 913 970 950 docere
997 914 1102 963 quod
1133 914 1301 962 prelatus
1328 914 1441 951 debet
1472 915 1511 951 in
1542 926 1634 952 casu
1659 927 1724 952 ex-

393 1062 539 1092 tactum
570 1061 627 1092 est
662 1055 846 1103 superius.
906 1053 944 1091 Si
976 1055 1079 1091 enim
1114 1067 1216 1103 papa
1250 1055 1390 1092 diceret
1422 1055 1527 1105 quod
1562 1055 1724 1093 ecclesia
1739 1069 1779 1091 10

394 1138 474 1164 non
503 1126 617 1163 debet
647 1126 685 1161 in
712 1125 776 1163 tali
804 1137 896 1163 casu
924 1126 1221 1163 excomunicare
1243 1126 1449 1174 coniugem
1470 1127 1724 1164 renitentem³

393 1195 578 1234 diminute
599 1196 821 1245 procederet
842 1195 1049 1233 obmittens
1065 1195 1138 1233 hoc
1155 1201 1233 1233 tam
1250 1197 1507 1234 necessarium
1525 1204 1562 1235 et
1578 1197 1724 1236 docens

397 1278 511 1304 suum
528 1266 774 1304 convertibile
787 1267 800 1286 4
820 1266 1021 1315 quomodo
1037 1266 1179 1304 coniux
1196 1267 1309 1303 debet
1326 1267 1482 1305 sufferre
1496 1269 1724 1306 excomuni-

394 1338 595 1374 cacionem
626 1337 786 1374 ecclesie
817 1337 855 1374 in
889 1343 1128 1386 perpetuum.
1186 1336 1456 1375 Necessarium
1490 1339 1594 1375 enim
1628 1340 1724 1377 foret

393 1407 541 1445 frenare
564 1407 700 1444 furiam
727 1407 860 1456 prelati
889 1407 1067 1445 docendo
1091 1407 1197 1456 quod
1221 1419 1301 1445 non
1332 1408 1445 1446 debet
1472 1410 1511 1445 in
1538 1410 1603 1447 tali
1631 1423 1722 1449 casu
1739 1422 1777 1455 15

394 1479 699 1516 excomunicare.
758 1478 808 1515 Et
835 1491 902 1527 per
927 1478 1029 1515 idem
1059 1478 1228 1528 sequitur
1247 1479 1403 1516 indubie
1424 1480 1529 1529 quod
1557 1481 1723 1530 prelatus
1736 1483 1783 1514 K·

394 1561 610 1598 numquam
649 1549 963 1586 excomunicaret
1002 1549 1178 1586 distincte
1220 1550 1292 1586 nisi
1332 1551 1540 1599 specialem
1580 1551 1722 1589 revela-

393 1620 547 1657 cionem
581 1619 755 1656 habuerit
799 1619 904 1668 quod
948 1619 1033 1656 talis
1080 1620 1248 1668 prelatus
1281 1620 1391 1657 fuerit
1429 1622 1559 1670 quoad
1597 1622 1724 1673 aliqua

377 1691 521 1739 *minus
542 1690 678 1736 malus,
697 1690 785 1740 quia
802 1691 953 1738 ignorat
974 1691 1003 1727 si
1025 1691 1262 1728 mendaciter
1291 1690 1401 1728 fuerit
1426 1692 1566 1730 iudicio
1594 1693 1723 1731 divino

394 1761 618 1806 contrarius,
641 1768 677 1798 et
697 1767 863 1798 cessaret
883 1761 1007 1798 maior
1027 1773 1117 1810 pars
1138 1762 1386 1799 execucionis
1406 1762 1535 1812 legum
1552 1763 1722 1801 ecclesie.
1738 1769 1778 1791 20

114 1831 157 1858 To
170 1832 306 1858 maintain
320 1832 368 1858 the
393 1832 489 1868 Ideo
518 1844 590 1880 pro
611 1832 794 1869 salvanda
814 1832 884 1869 ista
905 1831 1080 1869 civilitate
1103 1839 1359 1881 prorumpunt
1380 1832 1558 1870 doctores
1579 1834 1660 1871 eius
1682 1835 1721 1870 in

113 1865 187 1892 Civil
203 1866 269 1891 Law
283 1866 318 1891 its

113 1900 380 1925 teachersadvance
392 1901 533 1939 multas
563 1902 794 1947 blasfemias,
817 1909 858 1938 ut
887 1902 938 1938 hii
967 1902 1097 1939 dicunt
1130 1902 1237 1951 quod
1264 1903 1446 1940 iudicium
1473 1904 1635 1941 ecclesie
1665 1911 1723 1941 est

113 1941 177 1958 man
207 1932 280 1958 blas-

113 1942 248 1998 phenllies.
392 1974 533 2011 iustum
554 1980 589 2011 et
615 1981 745 2010 tamen
772 1973 913 2011 iudicio
939 1973 1097 2011 ecclesie
1125 1974 1401 2023 triumphantis,
1422 1988 1554 2023 ymmo
1580 1976 1722 2014 iudicio

395 2044 533 2089 divino,
573 2044 804 2081 contrarium
825 2058 834 2090 3
879 2043 930 2080 hii
968 2051 1138 2082 errantes
1177 2044 1405 2094 profundius
1444 2045 1577 2084 dicunt
1615 2047 1720 2096 quod

394 2115 535 2153 debent
559 2115 728 2152 iudicare
757 2122 892 2153 contra
915 2116 1112 2153 veritatem
1143 2128 1260 2165 quam
1290 2123 1455 2154 noscunt
1485 2124 1526 2154 ut
1552 2130 1717 2167 persone
1735 2126 1774 2158 25

392 2187 560 2236 private;
591 2193 627 2223 et
655 2186 707 2223 hii
738 2186 870 2223 dicunt
899 2187 1012 2223 nimis
1042 2186 1206 2224 heretice
1237 2187 1342 2235 quod
1367 2188 1454 2225 talia
1481 2200 1596 2236 parva
1620 2189 1721 2226 mala

114 2262 232 2322 {33⁶2th
245 2262 370 2322 doiessglt’
393 2257 538 2306 peccati
561 2257 702 2294 debent
723 2257 804 2294 fieri
826 2269 873 2294 ne
894 2257 1041 2294 maiora
1062 2257 1164 2294 mala
1185 2258 1384 2294 eveniant:
1418 2261 1427 2278 ‘
1441 2259 1512 2304 ne‚’
1529 2259 1722 2308 inquiunt,

113 2305 187 2362 3002
204 2306 269 2362 mg’y
282 2330 380 2356 com&
394 2328 637 2376 ‘impediatur
653 2339 788 2364 cursus
804 2327 935 2376 legum
950 2327 962 2346 ⁵
979 2328 1218 2376 imperatoris
1235 2340 1278 2365 ac
1296 2328 1458 2365 ecclesie
1476 2329 1562 2365 talia
1578 2329 1721 2378 privata

393 2398 532 2435 iniusta
561 2398 701 2434 iudicia
733 2404 819 2434 sunt
850 2398 1026 2446 agenda?
1083 2397 1131 2434 Et
1157 2398 1209 2435 sic
1231 2398 1363 2435 dicunt
1385 2411 1474 2435 cum
1503 2400 1722 2437 infidelibus
1735 2405 1891 2439 Rom.iii.
1907 2407 1936 2438 8.

377 2470 579 2517 faciamus
600 2470 699 2505 mala
719 2474 761 2505 ul
777 2470 946 2505 eveniant
967 2470 1069 2516 bona,
1091 2477 1127 2507 et
1153 2471 1205 2507 sic
1226 2471 1350 2518 magis
1371 2471 1494 2519 magis
1515 2471 1616 2508 mala
1638 2472 1718 2508 sine
1733 2486 1775 2517 30

393 2540 467 2576 fine
484 2539 608 2575 forent
628 2539 802 2576 facienda
822 2547 862 2576 ut
883 2541 1004 2588 magis
1025 2541 1127 2578 bona
1143 2542 1331 2584 eveniant,
1349 2548 1385 2577 et
1404 2541 1455 2578 sic
1476 2542 1717 2590 peccandum

394 2610 491 2647 foret
511 2617 669 2658 propter
684 2611 930 2647 occasionem
947 2618 1142 2659 acceptam
1163 2619 1202 2647 ut
1223 2612 1369 2648 bonurn
1387 2611 1480 2649 deus
1500 2612 1588 2650 inde
1604 2612 1718 2650 faciat

393 2681 577 2730 graciose,
599 2681 706 2729 quod
729 2681 973 2729 impugnaret
996 2689 1117 2718 totam
1144 2682 1259 2718 fidem
1287 2681 1498 2720 catolicam.
1557 2682 1717 2721 Tercius

393 2763 483 2788 vero
498 2763 603 2788 error
619 2751 776 2799 spissior
792 2758 846 2788 est
861 2758 897 2788 et
914 2752 952 2787 in
968 2752 1139 2800 epistulis
1155 2764 1253 2801 pape
1268 2752 1305 2787 in
1321 2752 1375 2788 vi0
1389 2760 1424 2789 et
1438 2753 1476 2789 in
1497 2753 1566 2789 viio
1586 2753 1716 2791 decre·
1731 2722 1895 2804 ξὶῗξῖὗῐ,

1732 2815 1797 2838 V11.

470 2847 646 2886 civitatem,
665 2856 698 2878 A.
825 2847 837 2864 ²
859 2847 1038 2886 hominem,
1055 2858 1115 2878 om.
1133 2857 1167 2879 Α.
1295 2847 1306 2865 ³
1332 2849 1396 2879 Dei
1415 2853 1491 2890 post
1513 2850 1715 2888 renitentem,

392 2898 463 2928 add.
483 2907 515 2928 Α.
605 2898 615 2915 ¹
640 2898 893 2936 convertibilem,
913 2908 944 2930 Α.
1034 2900 1045 2917 ⁵
1070 2904 1099 2930 et
1118 2903 1191 2940 post
1212 2899 1334 2940 legum,
1352 2900 1423 2930 add
1442 2909 1475 2931 Α.

437 2847 444 2863 l
