2018 3401
87 298 171 350 184

801 309 866 341 DE
898 309 1092 341 OFFICIO
1126 309 1280 341 REGIS.

367 415 571 466 quomodo
611 415 681 453 iste
724 423 882 453 sanctus
927 416 1038 453 dicit:
1087 415 1138 453 Se·
1176 418 1376 465 imperator
1414 429 1437 453 a
1476 430 1529 453 me
1570 421 1703 466 peteret

350 488 525 537 fundum
557 500 684 532 meum,
717 491 910 535 argenlum
942 500 1056 524 meum
1089 493 1124 524 el
1150 488 1365 524 huiusmodi
1391 501 1518 534 meum,
1550 502 1620 526 non
1652 502 1704 526 me

366 559 664 609 refragaturum,
687 571 908 606 quamquam
931 560 1053 595 omm'a
1074 572 1151 595 mea
1171 561 1249 596 sint
1258 567 1477 609 pauperum.
1519 559 1706 606 Quamvis

366 636 495 666 autem
537 629 668 666 omnia
707 629 779 666 ista
817 629 1045 678 temporalia
1085 630 1159 666 sint
1197 631 1451 680 imperatoris,
1486 637 1526 668 ut
1566 631 1705 680 allegat

366 701 487 749 glosa.
516 713 563 738 ex
586 700 647 736 viii
679 700 727 737 di.
750 700 923 749 capitulo
957 700 1172 748 Qu012'ure,
1195 714 1275 739 non
1304 709 1435 740 tamen
1465 702 1515 740 ad
1544 703 1703 740 abuten-
1720 706 1848 738 Decret.
1903 749 1909 754 .

367 771 460 809 dum
498 771 557 808 vel
596 771 770 820 religioni
812 771 925 809 Cristi
973 772 1302 821 preiudicandum,
1341 773 1431 811 ideo
1478 775 1583 812 bona
1629 786 1704 824 que
1719 757 1922 781 D'Vm'c'¹'

367 842 545 892 privatim
584 842 700 879 habet
746 842 794 879 ad
832 855 945 880 usum
985 850 1021 881 et
1060 843 1315 881 ministerium
1364 851 1490 894 potest
1536 845 1704 894 legitime

367 915 586 964 permittere
626 913 810 952 Cesarem
853 914 1026 961 aufferre,
1068 915 1190 952 eciam
1229 916 1379 961 iniuste,
1416 916 1496 954 sine
1537 916 1705 954 sensibili

368 985 590 1023 resistencia
620 985 679 1022 vel
713 998 918 1023 consensu.
975 986 1087 1023 Talia
1117 987 1221 1023 enim
1255 987 1341 1024 licet
1376 988 1446 1024 sibi
1476 988 1636 1025 aufferre
1667 988 1705 1024 in

368 1069 461 1095 casu
481 1056 529 1094 de
551 1056 713 1094 ecclesia
734 1069 805 1106 pro
826 1057 1050 1095 defensione
1071 1057 1230 1106 imperii,
1248 1058 1316 1096 sed
1337 1058 1460 1096 facere
1481 1065 1638 1096 stratam
1660 1059 1706 1096 de
1725 1069 1762 1091 10

368 1128 525 1166 comuni
563 1128 719 1165 basilica
759 1128 841 1165 sine
879 1135 1040 1177 urgente
1080 1129 1304 1166 necessitate
1343 1130 1396 1166 rei
1435 1129 1586 1179 publice
1625 1142 1706 1167 non

368 1200 499 1236 subest
519 1198 670 1236 Cesaris
691 1199 882 1248 potestati,
905 1211 995 1236 cum
1015 1199 1137 1237 cultus
1158 1199 1307 1237 divinus
1329 1213 1408 1238 non
1430 1201 1476 1237 sit
1492 1200 1706 1238 vendibilis.

368 1270 419 1307 Et
457 1270 497 1307 in
529 1270 604 1307 hoc
639 1269 752 1308 docet
784 1270 952 1319 preferre
993 1272 1140 1308 bonum
1175 1271 1374 1320 publicum
1409 1273 1515 1310 bono
1546 1272 1706 1322 privato,

371 1340 487 1378 Unde
508 1353 594 1378 vere
615 1341 705 1378 dicit
726 1342 831 1391 quod
852 1342 882 1378 si
903 1342 1177 1391 patrimonium
1200 1343 1294 1392 petit
1314 1343 1373 1380 vel
1404 1343 1567 1381 fundum
1594 1356 1707 1381 suum

372 1412 429 1449 vel
458 1423 610 1461 corpus,
644 1424 733 1449 curn
761 1413 834 1450 sint
867 1413 914 1450 de
949 1414 1193 1462 possessione
1229 1414 1399 1451 humana
1429 1415 1517 1453 licet
1546 1415 1585 1452 in
1616 1428 1708 1453 casu
1725 1429 1762 1460 15

371 1483 561 1529 invadere,
584 1489 620 1520 et
642 1483 858 1532 specialiter
880 1483 1019 1522 clerico
1040 1485 1329 1534 possessionato
1346 1498 1367 1523 a
1387 1486 1559 1536 principe
1575 1493 1612 1524 et
1627 1487 1708 1524 eius
1722 1465 1876 1539 &egelm-

372 1554 521 1604 legibus
562 1554 782 1591 rebellante.
858 1554 973 1602 Nam,
1024 1563 1064 1593 ut
1112 1563 1216 1605 patet
1265 1557 1494 1605 precedente
1542 1558 1709 1608 capitulo
1724 1552 1766 1625 2Qo·
1783 1550 1850 1581 ἢῆ·
1868 1561 1895 1582 0·

374 1625 424 1663 Sz'
440 1627 479 1662 in
501 1630 614 1662 morse
626 1625 650 1670 ¹²,
667 1625 840 1675 episcopi
861 1627 925 1675 qui
947 1639 1025 1664 non
1047 1634 1318 1665 contentantur
1338 1629 1524 1677 porcione
1550 1629 1709 1675 levitica,
1725 1618 1776 1669 Τ..

373 1697 441 1735 sed
459 1697 505 1734 de
519 1696 660 1734 Cesare
676 1697 819 1734 habent
835 1698 980 1747 predia,
999 1698 1141 1736 debent
1158 1699 1230 1736 sibi
1246 1700 1387 1737 tributa
1404 1707 1440 1738 et
1457 1700 1474 1719 *
1492 1701 1710 1739 subiacent³
1724 1711 1930 1741 F01.155b.

374 1768 531 1805 terrenis
565 1769 841 1806 exaccionibus
880 1769 949 1807 nisi
987 1769 1082 1807 forte
1117 1770 1171 1807 eis
1210 1770 1257 1807 de
1291 1772 1528 1821 benignitate
1559 1772 1711 1810 Cesaris
1727 1792 1767 1813 20

375 1840 421 1876 sit
458 1839 660 1877 indultum.
733 1839 961 1878 Notandum
1000 1847 1131 1879 tamen
1165 1842 1272 1891 quod
1311 1843 1358 1880 de
1398 1844 1505 1881 omni
1537 1845 1712 1882 subiecto

375 1911 547 1948 humano
577 1910 751 1948 dominio
785 1911 878 1948 deus
908 1912 1021 1949 habet
1042 1913 1239 1961 proprium
1260 1921 1297 1951 et
1316 1915 1476 1963 capitale
1498 1915 1713 1953 dominium

375 1989 413 2019 et
432 1982 686 2019 ministerium
702 1981 719 1999 ³¹<
739 1982 811 2019 sibi
832 1983 1152 2032 correspondens.
1193 1984 1353 2022 Videtur
1373 1985 1587 2023 dominium
1608 1987 1713 2036 quod
1726 1995 1772 2024 39
1791 1995 1826 2024 b.

377 2065 457 2090 non
488 2053 573 2090 licet
606 2059 779 2090 creature
813 2053 953 2100 tollere,
988 2054 1055 2091 sed
1094 2067 1165 2104 pro
1196 2055 1310 2093 huius
1343 2056 1566 2094 defensione
1601 2057 1713 2094 debet

378 2124 522 2162 nedum
553 2124 728 2162 sacerdos
760 2125 828 2162 sed
860 2126 987 2163 omnis
1016 2127 1217 2164 cristianus
1245 2128 1358 2165 morti
1387 2140 1426 2165 se
1456 2140 1651 2177 exponere
1682 2128 1766 2177 si25

378 2201 540 2244 oportet.
599 2195 693 2232 Ideo
724 2195 814 2233 dicit
843 2197 1040 2235 decretum
1061 2197 1256 2236 Ambrosii
1285 2199 1514 2248 allegatum:
1545 2199 1714 2249 Impera-
1728 2209 1859 2239 Decret.

379 2267 457 2303 lori
489 2267 594 2303 licere
633 2268 755 2303 omnia
794 2269 912 2316 zfsz'us
959 2282 1030 2306 esse
1077 2271 1263 2308 universa.
1340 2269 1577 2320 Respondco:
1622 2258 1902 2336 ΛΤΟΙίὲῥ-ἷξὶῗῐὲ.

374 2350 546 2386 gravare
578 2342 619 2382 le,
652 2337 872 2386 Imperator,
913 2344 955 2376 ut
982 2345 1089 2389 pules
1121 2345 1153 2377 le
1186 2343 1224 2377 in
1259 2342 1333 2378 ln'z's
1362 2354 1430 2389 que
1467 2342 1596 2378 divina
1634 2347 1721 2378 sunl
1733 2348 1783 2370 21·

101 2415 353 2482 Ξὸρἆἐξζρῗξᾶῗίὲι
356 2457 370 2474 e
384 2410 570 2457 imperiale
589 2410 736 2457 aliquid
753 2411 810 2446 ius
829 2410 969 2448 habere.
1028 2411 1119 2449 Non
1151 2413 1253 2449 enim
1284 2412 1445 2450 intendit
1475 2413 1543 2450 iste
1563 2420 1716 2450 sanctus

101 2485 190 2518 goods
203 2484 235 2510 of
245 2484 293 2509 the

103 2518 208 2545 church
219 2526 291 2543 were
305 2516 332 2542 in

386 2491 527 2529 negare
557 2480 650 2528 quin
683 2481 788 2518 bona
817 2481 976 2519 ecclesie
1004 2483 1204 2520 subiacent
1232 2483 1334 2532 regie
1359 2484 1545 2532 potestati,
1570 2484 1636 2521 sed
1665 2484 1714 2521 ad
1729 2496 1770 2526 30

101 2553 149 2578 the
161 2551 373 2588 King’spowen
388 2550 676 2588 rectificandum
696 2563 829 2588 eorum
850 2564 960 2590 usum
984 2566 1063 2591 non
1085 2554 1134 2591 ad
1154 2554 1473 2599 deteriorandum,
1491 2555 1590 2592 sicut
1609 2556 1718 2604 ponit

102 2586 153 2611 but
166 2585 201 2610 he
221 2594 307 2610 main-

104 2619 202 2645 tained
216 2618 276 2643 that
290 2618 353 2643 that

105 2661 201 2685 power
214 2658 287 2677 must
300 2651 334 2677 be

105 2686 220 2712 exerted
239 2685 281 2711 sor
300 2685 374 2717 good
390 2693 396 2700 ·

105 2721 163 2746 and
178 2725 227 2746 not
240 2720 282 2746 sor
293 2718 356 2745 evil.

389 2621 611 2670 exemplum
644 2621 691 2659 de
711 2622 821 2660 vinea
841 2622 1000 2662 Naboth
1029 2638 1146 2674 quam
1177 2638 1256 2663 non
1288 2625 1388 2663 licuit
1409 2626 1490 2675 regi
1516 2626 1718 2664 transferre

389 2706 425 2730 in
447 2700 575 2730 ortum
597 2692 756 2740 olerum,
779 2701 820 2731 ut
841 2707 955 2744 supra
976 2697 1150 2745 exposui.
1196 2697 1246 2734 Et
1267 2697 1319 2734 sic
1343 2697 1432 2734 dicit
1452 2697 1547 2734 iste*
1563 2703 1718 2735 sanctus

389 2763 494 2814 quod
514 2764 646 2802 omnia
666 2776 735 2802 sua
755 2767 983 2816 temporalia
1002 2768 1089 2806 licet
1110 2768 1336 2818 Imperatori
1357 2769 1530 2819 accipere
1552 2768 1619 2806 sed
1638 2780 1718 2806 non

433 2851 442 2868 ¹
467 2862 554 2882 nono
578 2854 641 2891 pro
665 2851 739 2892 Quo
763 2852 838 2892 iure,
867 2861 896 2885 B.
1023 2854 1034 2870 ²
1058 2855 1212 2894 Mortem,
1239 2865 1270 2887 Α.
1296 2863 1325 2886 Β.
1453 2856 1464 2873 ³
1488 2855 1658 2894 subicient,
1684 2863 1717 2886 Α.

389 2904 399 2921 ⁴
425 2904 496 2942 iste,
512 2915 572 2936 om.
588 2913 622 2938 A.
