2018 3401
661 346 724 378 DE
757 347 952 380 OFFICIO
988 346 1141 379 REGIS.
1764 350 1838 391 131

240 450 367 497 cium;
414 463 490 500 ego
524 458 652 489 tamen
688 452 803 490 credo
835 452 939 502 quod
971 453 1018 490 sit
1051 458 1252 502 peccatum
1285 451 1564 501 gravissimum.

240 522 328 568 Vix,
351 523 473 573 inquit
494 523 639 569 Abbas,
661 523 798 573 aliquis
821 523 1000 561 secularis
1021 524 1125 560 novit
1144 529 1271 560 utrum
1291 523 1500 572 periurium
1520 523 1568 560 sit

240 595 390 643 gravius
422 607 538 644 quam
572 594 843 640 homicidium3
885 607 959 644 ego
988 602 1115 632 autem
1144 594 1260 632 credo
1294 594 1499 644 periurium
1529 594 1568 630 in

20 674 225 705 1¹01.140b.
241 678 317 714 quo
357 666 539 703 fundatur
570 666 763 715 apostasia
794 665 811 685 '¹‘
843 666 1058 704 monastica
1096 666 1142 703 sit
1181 672 1380 715 peccatum
1412 665 1567 702 viatoris

207 754 224 785 5
239 737 519 786 gravissimum.

297 807 478 845 Secundo
499 808 658 845 assumit
678 808 813 845 Abbas
837 808 875 844 in
905 815 1040 857 quarto
1070 807 1227 846 articulo
1242 808 1253 828 ¹
1275 820 1345 845 suo
1366 807 1566 857 principali
1579 815 1673 848 Again
1687 816 1736 841 the
1749 815 1847 842 Abbot

1580 858 1707 875 assumes
1719 849 1782 875 that

242 878 291 916 ad
321 879 630 928 improbandum,
664 891 798 929 ymmo
828 879 1127 926 hereticandum,
1160 879 1452 917 conclusionem
1482 883 1798 943 p1·e-ff(}1trissgffvgfftffiffs

241 950 383 987 dictam
414 951 612 1000 quomodo
642 963 719 988 non
750 958 805 988 est
833 951 1011 988 credibile
1034 951 1083 987 ab
1112 951 1242 1000 aliquo
1263 951 1443 988 cristiano
1464 949 1568 999 quod
1581 950 1757 1010 3⁴:¹23ssssss

243 1021 389 1058 Cristus
413 1028 605 1070 pateretur
628 1021 842 1067 ecclesiam,
865 1034 981 1071 quam
1012 1023 1083 1060 sibi
1116 1023 1301 1072 spirituali
1321 1021 1568 1059 matrimonio
1581 1017 1839 1077 {fflffiffiffigftfo

188 1106 227 1128 10
242 1093 444 1142 copulavit,
466 1093 504 1129 in
535 1100 684 1130 tantum
715 1105 736 1130 a
766 1105 806 1130 se
831 1094 914 1142 ipso
943 1093 1117 1130 recedere
1146 1100 1187 1129 ut
1215 1099 1380 1130 meretur
1399 1092 1568 1129 ancillari
1581 1085 1734 1118 bejudged
1748 1085 1786 1118 by
1799 1084 1830 1112 ὴ·

241 1163 387 1201 mundo
408 1171 444 1201 et
465 1164 513 1200 ab
533 1165 619 1213 ipso
640 1164 820 1201 serviliter
839 1164 1006 1211 iudicari,
1029 1177 1075 1201 ex
1096 1176 1175 1213 quo
1196 1163 1390 1201 concludit
1411 1162 1567 1212 opposi-

242 1241 324 1271 tum
345 1235 539 1272 sentencie
564 1247 682 1284 quam
714 1236 926 1284 impugnat.
984 1236 1060 1273 Sed
1079 1236 1117 1273 in
1138 1236 1209 1272 isto
1230 1235 1333 1272 dicto
1362 1234 1564 1272 considero
1577 1245 1776 1306 &fiii-{gae

240 1307 355 1343 istum
389 1307 568 1344 abbatem
601 1307 760 1344 innuere
793 1314 869 1344 tres
907 1319 1065 1353 errores,
1099 1307 1247 1355 primus
1286 1306 1391 1355 quod
1430 1314 1823 1372 omnesffipffsffigffissgy

241 1377 359 1415 dotati
397 1377 524 1414 clerici
564 1384 652 1414 sunt
692 1377 867 1414 membra
907 1384 1034 1415 sancte
1072 1378 1204 1414 matris
1242 1377 1403 1415 ecclesie
1436 1375 1829 1446 Cristoffirgssffigsriisftffe

186 1457 223 1488 15
240 1448 566 1486 matrimonialiter
585 1448 763 1497 copulati.
822 1449 898 1486 Sed
918 1456 1008 1486 tunc
1029 1455 1282 1498 cognosceret
1304 1448 1407 1497 quod
1428 1459 1563 1485 omnes
1576 1448 1812 1507 'gss‘ffhssffwssffge

239 1519 365 1557 clerici
388 1527 476 1557 sunt
503 1519 771 1569 predestinati,
802 1520 919 1557 credo
949 1527 1077 1557 tamen
1106 1520 1212 1569 quod
1242 1520 1317 1557 hoc
1347 1520 1497 1568 ignorat
1518 1518 1565 1555 de
1578 1514 1849 1582 ξξζὲῑῑῐὲζῑξζὲἦὲᾒῗξ

238 1604 278 1629 se
323 1591 407 1640 ipso
445 1597 482 1629 et
521 1592 690 1641 quolibet
728 1591 839 1628 fratre
879 1603 961 1628 suo.
1032 1591 1126 1629 ldeo
1174 1591 1270 1629 soret
1307 1591 1567 1628 necessarium

243 1662 420 1699 abbatem
438 1662 633 1700 addiscere
650 1663 877 1711 quiditatem
894 1670 1024 1700 sancte
1041 1663 1173 1699 matris
1189 1662 1348 1699 ecclesie
1369 1661 1568 1711 quomodo

241 1739 314 1770 stat
334 1739 376 1769 ut
395 1733 605 1782 plurimum
635 1734 673 1769 in
701 1733 818 1780 laicis,
842 1740 879 1770 et
909 1733 1013 1783 quod
1042 1746 1107 1770 rex
1137 1734 1418 1782 predestinatus
1446 1738 1483 1770 et
1511 1732 1568 1769 sui

187 1816 227 1838 20
241 1816 358 1841 unam
385 1802 617 1854 persona1n²
644 1805 881 1842 constituunt
908 1817 982 1854 que
1009 1805 1086 1853 agit
1112 1817 1229 1853 opera
1254 1816 1332 1847 sua.
1353 1811 1433 1841 tam
1461 1803 1569 1840 cleri-

244 1875 340 1912 calia
370 1887 487 1924 quam
518 1875 672 1920 laicalia,
694 1875 917 1912 auctoritate
947 1876 1061 1924 regia.
1120 1875 1235 1912 Tunc
1265 1875 1367 1912 enim
1401 1886 1481 1912 non
1515 1874 1568 1911 sic

244 1946 426 1983 divideret
448 1946 816 1984 incomunicabiliter
836 1946 982 1983 clerum
1003 1954 1039 1983 et
1057 1946 1198 1996 laycos,
1221 1946 1288 1983 sed
1309 1946 1567 1983 consideraret

245 2017 351 2066 quod
372 2017 440 2054 sibi
467 2017 624 2054 subiecti
656 2017 878 2054 altrinsecus
908 2025 1043 2055 mutuo
1067 2030 1106 2055 se
1126 2018 1304 2054 iuvarent.
1365 2016 1565 2054 Secundus
1579 2027 1622 2059 (ii)
1642 2026 1814 2067 Heftmplies

242 2100 348 2125 error
367 2100 483 2137 quern
503 2088 621 2125 abbas
641 2088 762 2125 innuit
787 2094 843 2125 est
872 2088 977 2137 quod
1007 2095 1193 2137 repugnat
1214 2087 1382 2124 Cristum
1411 2087 1564 2135 permit·
1577 2062 1838 2154 ἓὲἑῑζὲιξιῖᾆιᾶξὴὲ

1617 2138 1676 2159 rgn
1708 2138 1721 2154 e
1745 2138 1768 2154 ic
1802 2138 1816 2153 e

187 2168 225 2200 25
242 2165 321 2196 tere
351 2159 538 2207 virginem
569 2158 695 2196 Cristo
727 2158 938 2195 exhibitam
977 2158 1157 2196 ancillari.
1217 2157 1292 2195 Sed
1331 2163 1480 2195 constat
1517 2169 1564 2193 ex
1578 2168 1607 2187 ιο
1621 2161 1714 2188 Christ
1728 2162 1830 2188 should

1580 2196 1613 2220 be
1626 2205 1643 2221 a
1656 2202 1778 2221 servant.

28 2236 227 2270 2C0r.xi.2.
245 2229 318 2267 fide
349 2230 531 2279 scripture
561 2229 665 2278 quod
695 2230 870 2266 membra
891 2223 1021 2267 sancte
1042 2229 1172 2266 matris
1195 2229 1364 2273 ecclesie,
1385 2240 1460 2277 que
1481 2235 1567 2265 sunt
1581 2229 1807 2288 Ξῗὶῑὲῑψιῖϋῖἧιὲῑῑυῑΐθ

242 2301 350 2349 virgo
383 2300 479 2344 talis,
516 2300 661 2336 nedum
694 2301 892 2337 ancillatur
925 2300 1184 2337 mundialibus
1218 2300 1285 2337 sed
1323 2308 1493 2348 peccato,
1526 2305 1567 2336 ut
1581 2297 1819 2356 ffifflssfzssgthe

1579 2369 1608 2389 to
1621 2363 1655 2389 be
1669 2363 1696 2389 in
1710 2363 1816 2390 service

1580 2403 1627 2422 not
1641 2397 1708 2429 only
1721 2403 1750 2423 to
1763 2398 1811 2423 the

1579 2431 1665 2456 world
1679 2431 1729 2456 but
1742 2437 1771 2456 to
1785 2431 1837 2458 sin.

244 2372 357 2409 docet
378 2371 504 2408 socius
525 2371 562 2407 in
584 2371 830 2420 responsione
852 2371 1043 2420 completa
1073 2371 1121 2409 ad
1151 2377 1376 2419 argumenta
1406 2371 1565 2408 abbatis.

243 2442 405 2480 Tercius
425 2455 528 2481 error
549 2455 664 2492 quem
690 2443 810 2479 innuit
830 2449 887 2479 est
906 2443 974 2480 iste
1003 2442 1109 2491 quod
1138 2448 1324 2491 repugnat
1353 2441 1629 2513 perfectumffih
1649 2481 1695 2506 He
1710 2481 1818 2513 implies

188 2525 230 2556 30
244 2513 408 2551 statum³
442 2514 600 2551 ecclesie
634 2514 803 2551 tribulari
841 2520 876 2551 et
910 2514 1045 2551 servire
1085 2520 1123 2551 ct
1156 2514 1194 2550 in
1228 2520 1397 2562 egestate
1436 2525 1564 2550 carere
1578 2514 1841 2574 ‘effitiissifftiffitxhe

247 2584 442 2621 mundana
471 2584 603 2633 gloria.
663 2584 739 2621 Sed
773 2584 989 2622 consideret
1023 2584 1224 2634 quomodo
1245 2584 1393 2622 Cristus
1421 2589 1457 2621 et
1486 2585 1566 2621 eius
1580 2582 1834 2641 ggfficssifflffilon

1579 2649 1633 2674 and
1648 2649 1784 2679 homage,

1558 2686 1565 2700 >
1579 2682 1733 2714 sot-getting
1743 2682 1802 2708 that
1817 2682 1845 2709 in

1579 2714 1635 2740 this
1649 2714 1766 2742 consists
1780 2716 1829 2742 her

1579 2749 1743 2781 perfectiori.

245 2655 408 2692 cariores
428 2655 591 2703 apostoli
612 2662 720 2692 erant
741 2656 834 2693 servi
855 2662 1012 2704 egentes
1032 2662 1068 2692 et
1099 2668 1213 2704 supra
1243 2655 1337 2693 alios
1366 2655 1553 2704 persecuti

244 2726 365 2763 immo
386 2726 424 2762 in
444 2725 508 2764 illo
531 2727 667 2775 pocius
696 2727 867 2764 consistit
899 2738 1038 2775 sponse
1061 2726 1176 2763 Cristi
1196 2725 1396 2774 perfeccio,
1418 2725 1565 2763 dicente

30 2821 45 2845 1
65 2815 199 2848 Cor.iv.
245 2797 421 2846 apostolo
456 2797 496 2833 10
527 2797 616 2834 Cor.
647 2798 696 2834 iiii
726 2797 833 2847 quod
864 2797 958 2835 deus
988 2797 1187 2835 destinavit
1226 2797 1329 2845 ipsos
1367 2797 1565 2846 apostolos

28 2866 124 2899 9-13·

289 2883 296 2901 ¹
315 2889 506 2925 argumento
518 2888 580 2925 pro
596 2883 746 2923 articulo,
764 2892 793 2916 B.
865 2883 876 2900 ²⁷
891 2889 1013 2924 partem
1026 2889 1087 2925 pro
1105 2894 1285 2924 personam,
1304 2891 1336 2915 Α.
1405 2883 1417 2899 ³
1433 2887 1564 2917 statum.

243 2945 302 2967 om.
323 2944 352 2967 B.

868 3004 937 3028 K2
