2018 3401
104 307 184 349 168

123 2507 187 2533 And
202 2515 241 2532 we
255 2506 328 2532 have

123 2540 241 2567 Christ's
249 2538 397 2566 command
411 2564 417 2570 ,

804 319 867 350 DE
901 319 1095 351 OFFICIO
1129 319 1285 351 REGIS.

379 426 516 463 iusticie
543 427 608 463 sed
633 425 746 462 livore
773 425 852 462 odii
877 426 916 462 in
945 438 1023 462 eum
1052 426 1269 462 sentenciam
1299 425 1403 470 dedit,
1439 425 1625 462 iusticiam
1655 425 1716 461 dei

379 498 418 533 in
438 510 547 546 quam
569 496 800 547 perturbatio
819 509 889 533 non
919 497 1030 542 cadit,
1052 509 1123 533 non
1144 497 1325 534 imitatur.
1383 496 1505 542 Talis,
1537 496 1711 546 inquam,

380 568 556 605 fulminat
594 568 831 606 sentenciam
865 567 903 604 in
942 568 1104 605 barbam
1142 568 1346 617 propriam,
1382 568 1473 617 quia
1506 567 1611 605 iuxta
1649 567 1715 604 de-

381 647 529 677 cretum
579 639 692 677 Cristi
731 638 869 676 Matth.
909 652 941 675 v.
994 638 1072 684 Qui
1105 640 1252 676 dixerit
1272 641 1412 690 fratri
1444 652 1534 676 suo:
1580 638 1934 683 Falue‚Matt.v.22.

382 723 466 747 reus
502 711 573 747 erit
592 710 758 759 yelzenne
795 711 908 758 ignis.
965 709 1094 755 Unde,
1128 716 1170 747 ut
1209 722 1324 759 supra
1359 710 1477 760 tetigi,
1512 711 1562 748 xi.
1597 721 1634 758 q.
1667 709 1716 746 iii.
1730 719 1861 750 Decret,
1880 726 1911 749 c,

383 781 471 819 dicit
486 781 747 831 Augustinus:
779 780 888 818 Illud
893 781 1010 831 plane
1029 794 1100 817 non
1116 786 1240 818 temere
1255 782 1432 827 dixerim,
1451 782 1549 830 quod
1564 782 1602 818 si
1617 781 1718 829 quis-
1731 762 1841 846 {1‘8‘72
1857 771 1904 793 ¹¹¹·

383 865 494 902 quam
531 853 703 902 fidelium
735 852 869 902 fuerit
903 853 1210 889 anatematizatus
1249 853 1380 889 iniuste
1418 854 1548 901 pocius
1593 853 1628 888 ei
1661 852 1722 888 ob-

384 925 458 960 erit
484 925 552 972 qui
561 923 670 974 facit
698 936 809 972 quam
840 924 876 960 ei
904 925 973 971 qui
989 925 1141 972 patitur
1171 925 1266 960 luznc
1300 924 1493 960 nziuriam.
1552 922 1722 972 Spiritus

383 996 478 1032 enim
511 999 662 1031 sanctus
692 994 864 1031 habitans
901 996 941 1031 in
976 995 1126 1040 sanctis,
1148 1001 1219 1043 per
1257 1007 1358 1043 quem
1398 993 1549 1043 quilibet
1576 995 1721 1042 ligatur

386 1070 454 1103 aut
487 1067 657 1111 solvitur,
697 1066 903 1102 inmeritam
942 1066 1042 1102 nulli
1074 1066 1213 1114 ingerit
1232 1066 1470 1114 penitenciam
1485 1080 1503 1109 ,·
1543 1072 1615 1114 per
1643 1077 1720 1101 eum
1738 1078 1777 1099 10

385 1139 512 1186 quippe
551 1138 776 1188 diffunditur
804 1138 945 1174 caritas
977 1138 1016 1173 in
1050 1137 1221 1173 cordibus
1248 1138 1386 1173 nostris
1413 1149 1515 1185 quem
1545 1149 1617 1173 non
1646 1137 1728 1185 agit

378 1216 588 1258 perperam.
645 1209 744 1246 Pax
781 1209 918 1245 ecclesie
956 1209 1107 1244 dimum
1133 1212 1285 1256 peccata
1327 1212 1360 1244 et
1390 1208 1436 1244 ab
1470 1208 1610 1244 ecclesie
1637 1214 1725 1256 paee

386 1281 530 1317 alienus
574 1284 665 1317 tenet
701 1284 864 1329 peccata,
912 1292 984 1315 non
1025 1279 1217 1316 secundum
1265 1279 1465 1315 arbitrium
1513 1279 1716 1323 hominum,

387 1354 451 1390 sed
466 1353 532 1389 dei.
590 1352 639 1389 Et
660 1352 851 1401 sequitur:
880 1353 977 1388 sicut
998 1352 1082 1388 avis
1110 1353 1148 1387 in
1179 1352 1353 1388 incertum
1375 1352 1503 1388 volans
1531 1355 1566 1388 et
1588 1358 1724 1400 passer

387 1423 648 1473 quomodolibet
672 1423 810 1460 vadens
848 1423 900 1459 sic
940 1423 1167 1458 maledictum
1192 1422 1356 1470 frustra
1390 1423 1585 1470 prolatum
1626 1423 1778 1461 vem't15

388 1503 497 1544 super
516 1507 593 1531 eum
623 1495 691 1542 qui
716 1494 817 1530 misit
834 1494 937 1529 illud.
994 1492 1044 1530 Et
1071 1499 1257 1542 quantum
1285 1492 1333 1529 ad
1354 1492 1562 1529 vindictam
1584 1493 1727 1542 proprii

391 1566 486 1604 lucri
511 1565 588 1603 sive
614 1565 748 1602 iniurie
774 1565 906 1602 scribit
932 1565 1066 1601 beatus
1093 1563 1304 1613 Gregorius
1323 1563 1508 1614 Januario
1528 1564 1725 1613 episcopo,

393 1643 434 1674 ut
463 1637 595 1675 recitat
623 1648 752 1674 canon
785 1649 844 1684 23.
871 1648 907 1685 q.
928 1636 990 1672 iiii.
1022 1636 1094 1672 sub
1120 1635 1192 1673 hac
1219 1634 1354 1672 forma.
1426 1634 1532 1671 Inter
1560 1636 1726 1683 querelas
1739 1640 1870 1689 Deci-et.
1888 1646 1919 1688 c.

394 1710 607 1758 multiplices
633 1710 826 1754 Vszdorus,
848 1710 910 1745 vir
929 1709 1172 1753 clarissimus,
1193 1720 1217 1743 a
1222 1708 1471 1758 fraternitate
1490 1712 1554 1743 tua
1559 1708 1724 1758 frustra
1739 1683 1885 1766 {³⁰ng
1899 1692 1945 1712 ιγ’

802 1778 820 1798 *
851 1780 1243 1827 anatemalizatumque
1271 1783 1482 1827 conquestus
1511 1784 1591 1822 cst,·
1635 1780 1734 1827 quod
1743 1789 1898 1819 F01.151
1911 1795 1943 1817 a.

395 1864 506 1899 quam
521 1849 534 1870 ¹
561 1851 601 1887 ob
622 1864 696 1887 rem
702 1851 854 1901 filetum
867 1851 1001 1900 fucrit
1024 1850 1109 1886 dum
1129 1863 1152 1886 a
1172 1850 1301 1886 clerico
1328 1853 1387 1885 tuo
1407 1850 1476 1897 qui
1482 1856 1632 1898 presens
1651 1854 1733 1886 erat

395 1923 632 1959 voluissemus
651 1923 809 1958 adiscere
829 1929 903 1970 pro
933 1922 1038 1958 nulla
1067 1922 1146 1957 alia
1175 1934 1289 1957 causa
1313 1921 1393 1956 nisi
1408 1927 1483 1969 pro
1511 1934 1547 1957 eo
1577 1922 1676 1969 quod
1700 1926 1732 1958 te

394 1794 429 1817 SC
454 1781 769 1818 excomunicatum

396 1995 652 2031 iniuriavcrat
663 1994 815 2044 factum
845 1994 1012 2037 inuoluit,
1051 2006 1117 2041 que
1145 2006 1204 2029 res
1233 2005 1297 2028 nos
1327 1992 1548 2028 veliementer
1578 1992 1731 2040 afflixit,

398 2066 487 2114 quia
506 2066 544 2101 si
558 2066 610 2101 ita
637 2069 690 2101 est
706 2065 764 2100 nil
779 2068 810 2100 te
828 2065 989 2111 cqqitare
1012 2064 1053 2100 de
1077 2063 1260 2099 celestibus
1280 2064 1445 2106 ostendis,
1465 2063 1531 2099 scd
1545 2068 1727 2100 terrenam

399 2137 708 2174 conversacionem
738 2140 768 2172 te
796 2135 923 2172 habere
949 2136 1152 2184 significas,
1183 2135 1267 2171 dum
1289 2141 1363 2183 pro
1393 2135 1555 2171 vindicta
1574 2135 1730 2184 proprie
1743 2150 1782 2182 25

400 2209 545 2254 iniurie‚
579 2209 677 2257 quod
707 2208 829 2244 sacris
866 2208 983 2244 literis
1011 2207 1243 2256 prohibetur,
1279 2207 1568 2243 maledieezonem
1602 2211 1727 2243 anate-

401 2281 510 2316 matis
547 2280 732 2317 invexisti.
795 2278 897 2315 Unde
934 2279 975 2314 de
1019 2282 1130 2314 cetero
1159 2278 1301 2314 omnino
1330 2281 1400 2313 esto
1413 2276 1425 2295 ²
1454 2278 1734 2326 circumspectus

401 2356 507 2400 atque
543 2352 731 2395 sollicitus,
771 2355 804 2386 et
837 2351 930 2387 talia
968 2351 1108 2398 inferre
1143 2347 1161 2367 ⁵⁵
1197 2348 1393 2397 cuiquam³
1423 2355 1497 2397 pro
1535 2349 1736 2397 dtfi’nszone
1747 2358 1793 2387 36
1807 2357 1842 2387 b.

395 2423 550 2472 proprie
587 2423 723 2458 iniurie
761 2422 873 2458 denuo
910 2433 980 2457 non
1007 2427 1214 2469 presumas.
1271 2418 1377 2456 Nam
1405 2420 1444 2455 si
1468 2420 1635 2468 aliquid⁴
1663 2420 1735 2456 tale

397 2494 538 2546 seceris
571 2493 610 2529 in
643 2498 674 2529 te
711 2494 808 2529 scias
830 2497 957 2541 postea
987 2504 1059 2528 esse
1092 2491 1361 2528 vindicandum.
1419 2490 1547 2528 Potest
1561 2490 1574 2510 ⁵
1608 2497 1735 2527 autem
1747 2502 1792 2532 ];,,

125 2580 155 2600 ω
168 2573 277 2606 forgive
290 2572 362 2598 until
408 2569 480 2601 ista
517 2563 578 2600 lex
617 2563 870 2600 demonstrari
917 2575 964 2600 ex
1009 2562 1084 2600 fide
1133 2562 1316 2610 scripture
1355 2560 1493 2598 Matth.
1530 2561 1631 2599 xviii.
1669 2562 1734 2598 ubi
1747 2567 1844 2598 Matt.
1862 2566 1951 2599 xviii.

124 2614 242 2640 seventy
255 2607 336 2632 times

124 2650 220 2671 seven,
233 2641 288 2666 and
304 2639 360 2666 His

124 2675 238 2708 parable
251 2674 282 2700 os
289 2674 336 2700 the

406 2634 555 2673 Cristus
590 2634 670 2672 sie⁶
701 2634 873 2683 precipit,
912 2646 993 2671 non
1033 2633 1275 2682 cuicumque,
1311 2631 1378 2668 sed
1412 2632 1526 2681 capiti
1560 2609 1872 2678 ecclesie‚16,22.

126 2708 353 2741 ungratefulser-
405 2712 442 2743 et
471 2706 510 2743 in
538 2706 621 2755 ipso
650 2705 803 2742 cuilibet
833 2705 915 2742 eius
944 2704 1099 2749 vicario,
1130 2715 1253 2752 usque
1288 2703 1549 2752 septuagesies
1578 2704 1734 2752 sepcies,

126 2748 202 2768 vant-

407 2777 482 2815 hoc
529 2783 586 2815 est
633 2776 973 2826 quocienscunque
1021 2776 1060 2812 in
1107 2775 1235 2824 ipsum
1284 2775 1499 2822 peccaverit
1546 2775 1734 2812 remittere

452 2875 462 2894 ¹
487 2875 667 2917 quidquam
688 2879 749 2915 pro
772 2875 859 2915 quod
883 2885 992 2915 quam,
1011 2882 1044 2904 Λ.
1177 2871 1189 2889 ²
1212 2875 1325 2910 estote,
1349 2881 1383 2904 A.
1515 2872 1527 2889 ³
1550 2873 1677 2912 cuique,
1703 2879 1732 2903 Β.

411 2928 420 2944 ⁴
444 2928 509 2959 tale
528 2927 663 2968 aliquid,
681 2927 747 2958 ord.
767 2927 835 2956 inv.
855 2934 884 2956 Β.
975 2926 986 2943 5
1010 2926 1087 2956 Post
1105 2929 1168 2966 pro
1186 2929 1304 2965 potest,
1322 2933 1355 2955 Α.
1445 2923 1457 2938 ⁶
1479 2924 1525 2955 sic
1541 2934 1601 2955 om.
1621 2931 1649 2954 Β.
