2018 3401
16 775 98 807 Acts
114 785 145 806 v.

20 1852 68 1882 45
86 1852 120 1881 b.

24 2199 105 2228 1¹01.
113 2198 183 2228 164

22 2249 153 2280 Decret.

24 2292 67 2323 D.
84 2299 179 2322 Lxm

25 2347 52 2367 c.
70 2335 183 2366 xxxiii.

24 2389 155 2420 Decret.

24 2432 97 2464 Lib.
117 2440 157 2463 11.

25 2476 92 2507 Tit.
110 2475 184 2506 xxiv

26 2530 53 2551 c.
66 2528 98 2560 4.

656 305 721 336 DE
754 303 948 336 OFFICIO
981 303 1134 335 REGIS.
1755 301 1832 344 217

230 418 444 469 superiores
465 418 502 454 in
523 416 799 455 conventiculis
820 415 1038 453 huiusmodi
1058 427 1129 464 pro
1149 414 1240 464 ipsis
1256 413 1430 452 fovendis
1446 426 1555 451 man-

230 490 360 527 dando
395 488 582 526 mandent
614 494 750 525 contra
782 487 893 524 istam
930 486 1044 524 Cristi
1079 485 1329 531 sentenciam,
1359 497 1436 534 qua
1469 497 1556 534 pur-

229 567 384 609 garetur
412 565 535 596 mater
564 565 706 603 nostra,
735 557 793 595 vel
822 557 999 594 invehere
1029 556 1087 594 vel
1117 563 1253 594 tacere.
1313 555 1389 593 Sed
1418 554 1557 593 nimis¹

229 631 436 680 irreligiose
461 630 618 668 summis
644 629 905 667 sacerdotibus
932 628 1052 665 simile
1074 627 1371 677 precipientibus
1397 640 1557 677 respon-

198 702 365 744 5derunt
403 701 567 751 apostoli
606 700 711 750 quod
750 699 905 737 obedire
945 697 1049 737 deo2
1086 705 1238 748 oportet
1277 698 1398 747 magis
1439 711 1557 748 quam

232 774 464 818 hominibus,
498 779 537 810 ut
566 778 669 821 patet
693 771 780 809 Act.
813 784 845 809 v.
902 770 1005 808 Ymo
1035 770 1064 808 si
1094 771 1200 808 iurati
1232 778 1318 808 sunt
1348 771 1559 820 specialiter

233 856 392 881 romane
435 843 607 890 ecclesie,
646 850 824 880 tenentur
871 843 1006 880 virtute
1049 842 1254 879 iuramenti
1296 842 1443 891 prestiti
1489 842 1559 879 sibi

232 915 444 964 specialiter
466 915 527 951 hic
554 921 697 964 optare,
719 921 754 951 et
781 914 972 963 principes
1001 913 1144 951 debent
1169 913 1264 950 scire
1292 913 1396 962 quod
1423 912 1560 950 mora3

233 987 271 1023 in
291 987 363 1024 isto
384 986 485 1024 facto
506 985 649 1023 nedum
671 986 864 1035 perturbat
886 997 1005 1034 regna
1027 992 1063 1022 et
1085 985 1298 1034 specialiter
1318 985 1422 1034 ipsos
1443 984 1560 1022 inficit

182 1075 222 1097 10
234 1070 281 1094 ex
303 1069 506 1103 consensu,
528 1056 594 1094 sed
624 1056 886 1106 progenitores
907 1068 1041 1093 eorum
1065 1056 1209 1093 radices
1233 1067 1406 1093 errorum
1427 1062 1559 1105 gravat

235 1129 401 1178 amplius
423 1140 501 1178 quo
522 1140 627 1166 error
647 1128 716 1165 iste
739 1127 967 1177 processerit
988 1127 1235 1165 incorrectus,

670 1391 993 1430 CAPITULUM
1024 1393 1127 1431 lxm.

293 1489 497 1529 ULTERIUS
527 1503 597 1541 pro
626 1492 910 1541 complemento
940 1492 1043 1530 finali
1073 1500 1280 1542 supersunt
1301 1492 1361 1530 alii
1381 1499 1564 1542 quattuor
1575 1502 1787 1564 'frherebgengain

1588 1547 1662 1564 OUI'O
1681 1547 1726 1570 JeC
1741 1545 1801 1563 lons

239 1564 410 1601 obiectus
449 1563 487 1600 in
525 1564 682 1602 materia
720 1564 768 1602 de
802 1565 906 1614 regia
944 1571 1130 1614 potestate
1168 1564 1285 1602 lacius
1319 1565 1828 1631 practicandi·{ssssgggfflffisshsse

186 1648 225 1680 15
240 1634 381 1680 Primo,
403 1635 570 1685 inquam,
593 1635 762 1684 arguitur
790 1641 922 1673 contra
942 1635 1015 1673 hoc
1037 1635 1141 1685 quod
1162 1648 1252 1685 sepe
1275 1636 1409 1674 dieitur
1429 1648 1563 1686 quern-
1577 1639 1675 1671 kingly
1687 1647 1790 1670 power-

239 1705 329 1742 libet
349 1705 489 1754 legium
510 1706 610 1755 regis
639 1706 776 1744 debere
800 1719 882 1744 esse
912 1707 1076 1744 iuratum
1100 1707 1179 1756 regi
1200 1714 1237 1744 et
1257 1720 1387 1756 regno.
1445 1707 1564 1744 Vide-
1578 1689 1784 1748 {Aixissdstffi‘im‘

239 1783 298 1813 tur
317 1777 420 1814 enim
441 1777 575 1826 sequi⁴
596 1777 722 1826 primo
742 1778 846 1827 quod
874 1790 975 1827 papa
1005 1791 1093 1815 cum
1123 1779 1392 1825 cardinalibus,
1419 1778 1561 1824 fratres,
1577 1755 1845 1847 {frffgessgu'ffiyofffig

239 1855 276 1885 et
305 1848 366 1885 alii
396 1849 693 1898 exproprietarie
707 1849 720 1868 ⁵
741 1849 918 1895 viventes,
940 1849 1082 1887 debent
1104 1848 1121 1868 ’⁸
1143 1862 1227 1888 esse
1257 1851 1367 1887 iurati
1398 1850 1562 1899 regibus.
1575 1823 1816 1916 iiffiaissss{c‘i}f³iss{
1813 1861 1845 1914 ἑο

1576 1900 1631 1916 §we
1652 1900 1692 1916 ΓΟ
1715 1899 1728 1915 Ε
1751 1899 1794 1915 len

239 1919 383 1957 Ymmo
398 1932 418 1956 e
435 1927 571 1957 contra
590 1932 677 1957 cum
697 1933 799 1969 papa
819 1920 932 1958 habet
952 1921 1054 1970 leges
1073 1921 1213 1971 quibus
1234 1928 1387 1971 oportet
1407 1933 1563 1959 ornnem
1576 1924 1829 1990 ffigssezffiiffgfflb

187 2005 226 2027 20
239 1990 433 2027 subditum
455 1991 623 2038 obedire,
645 1991 790 2029 videtur
810 1991 915 2041 quod
934 1992 1091 2041 quilibet
1112 1993 1208 2030 alius
1229 1993 1430 2030 cristianus
1451 1992 1565 2030 debet
1577 1990 1818 2057 Effigffigffish·

239 2073 323 2099 esse
354 2061 477 2111 legius
501 2062 620 2100 homo
651 2075 753 2109 suus,
777 2063 866 2112 quia
898 2063 1019 2112 legius
1052 2064 1161 2113 quasi
1196 2063 1270 2112 legi
1302 2063 1486 2110 subditus,
1508 2063 1566 2101 vel
1579 2059 1666 2118 {255¹}
1664 2067 1726 2118 (ἐξῇ
1741 2057 1834 2118 ἓῖιξζῗ

240 2132 360 2181 legius
399 2134 507 2182 quasi
548 2133 706 2182 legifero
744 2135 892 2183 ligatus.
951 2134 1013 2172 Sic
1052 2135 1153 2171 enim
1193 2135 1301 2171 iurati
1340 2141 1429 2172 sunt
1467 2147 1566 2184 pape
1579 2125 1661 2152 ‘³³⁰³‘

191 2198 227 2227 b.
240 2202 482 2252 Im*perator
501 2210 536 2241 et
556 2205 738 2254 episcopi,
761 2210 801 2241 ut
821 2211 924 2255 patet
943 2205 1020 2242 lxiii
1042 2205 1090 2242 di.
1149 2209 1157 2224 ‘
1177 2206 1267 2242 Tibi
1281 2204 1446 2252 domino}
1466 2211 1503 2242 et
1526 2213 1569 2242 20

241 2274 437 2312 decretum
468 2274 527 2312 De
559 2275 636 2312 iure
664 2275 849 2312 iurand0⁰
873 2282 938 2313 ca0
964 2275 1050 2325 Ego
1078 2275 1130 2313 N
1151 2278 1344 2325 apel-copus.
1401 2277 1462 2314 Ex
1489 2290 1567 2328 quo

242 2345 386 2382 videtur
412 2345 517 2395 quod
547 2346 586 2382 in
614 2347 706 2395 ipsis
727 2347 920 2384 iurentur⁷
941 2359 1077 2385 omnes
1105 2360 1240 2385 eorum
1271 2348 1410 2385 subditi
1435 2355 1472 2386 et
1500 2361 1568 2398 per

241 2428 486 2467 consequens
507 2418 644 2467 singuli
665 2417 726 2454 alii
747 2418 926 2455 cristiani.
985 2418 1062 2456 Hic
1082 2419 1306 2457 conceditur
1326 2429 1566 2470 assumptum

187 2499 194 2507 ·
243 2494 429 2537 tanquam
464 2489 658 2538 pertinens
693 2489 922 2538 principium
957 2489 1005 2526 ad
1045 2490 1152 2539 regni
1187 2491 1498 2539 stabilimentum,
1530 2499 1568 2530 et

243 2559 296 2596 sic
328 2571 427 2608 papa
460 2572 548 2597 cum
580 2560 712 2597 dicitur
745 2571 827 2596 esse
861 2561 1029 2598 maxime
1063 2561 1184 2610 legius
1217 2574 1351 2611 regum
1385 2569 1493 2607 terre,
1525 2570 1566 2599 ut

244 2636 347 2680 patet
367 2643 414 2668 ex
435 2631 555 2677 dictis,
572 2631 687 2669 debet
708 2643 790 2668 esse
812 2631 977 2669 maxime
998 2632 1139 2669 iuratus
1160 2633 1323 2681 regibus.
1383 2633 1444 2670 Sic
1463 2634 1566 2670 enim

190 2717 232 2747 30
245 2701 351 2748 deus,
383 2702 478 2739 sicut
509 2701 578 2740 suit
608 2702 810 2751 obligatus,
839 2702 891 2739 sic
923 2710 958 2739 et
989 2703 1130 2740 iuratus
1162 2710 1218 2740 est
1237 2704 1405 2741 Abrahe.
1463 2704 1566 2742 Nam

290 2805 299 2822 ¹
324 2806 430 2837 minus
446 2810 510 2846 pro
531 2806 638 2845 nimis,
659 2814 689 2838 Β.
807 2805 819 2823 ²
841 2812 968 2847 oportet
992 2807 1063 2845 deo,
1080 2807 1147 2838 ord.
1166 2808 1235 2839 inv.
1254 2815 1284 2838 Β.
1407 2807 1419 2824 ³
1442 2819 1566 2840 moram

241 2861 305 2898 pro
322 2867 425 2895 mora,
443 2865 476 2888 Α.
601 2858 613 2875 ⁴
636 2859 742 2900 primo
760 2859 857 2900 sequi,
883 2859 949 2890 ord.
968 2859 1037 2890 inv.
1064 2867 1094 2890 Β.
1231 2860 1242 2877 ⁵
1265 2865 1296 2891 et
1312 2865 1388 2891 ante
1404 2872 1476 2902 exp.
1493 2861 1565 2892 add.

247 2917 282 2949 A,
300 2917 330 2940 Β.
418 2910 429 2928 ⁵
449 2909 630 2950 juramento
640 2915 703 2952 pro
715 2909 785 2951 jure
796 2911 943 2951 jurando,
963 2919 991 2943 B.
1084 2910 1094 2927 ⁷
1115 2911 1221 2951 jurent
1238 2917 1301 2953 pro
1316 2912 1471 2952 jurentur,
1489 2920 1521 2944 A.
