2018 3401
124 313 205 351 204
824 307 889 339 DE
921 307 1120 339 OFFICIO
1153 306 1311 338 REGIS.

118 413 373 474 {Zeiffiffiiffiffi
403 414 551 465 legibus
572 414 739 463 obligati.
791 413 852 450 Sic
873 413 974 450 enirn
996 412 1155 461 castigat
1176 424 1241 449 rex
1263 422 1531 461 quoscumque
1553 411 1590 447 in
1612 421 1732 459 regno

121 481 315 548 {giifistigrgtii'e‘
327 481 370 507 ¹¹5⁵
404 498 473 524 suo
502 498 621 534 vagos
650 484 797 522 validos
825 484 1006 522 oei-antes.
1062 483 1374 532 Exproprietarie
1402 494 1492 519 vero
1521 482 1733 518 viventibus

120 558 214 580 power
225 549 258 575 of
272 549 389 582 holding

119 583 185 608 land
199 582 227 608 in
246 592 305 615 per-

120 616 240 649 petuity,
253 617 294 642 for
425 628 432 634 .
582 628 587 634 .
723 627 728 633 .
807 627 814 634 .
833 640 840 645 v
1080 626 1086 632 .
1385 625 1391 631 .
1497 624 1502 631 .
1606 624 1612 630 .

119 649 264 676 licenseto
278 650 341 682 beg,
401 640 500 665 c1am
529 627 731 665 edificandi
759 634 923 676 privatas
952 626 1144 670 ecclesms,
1165 632 1201 663 et
1224 625 1450 674 generahter
1480 624 1681 662 licenciam
1711 635 1734 660 a

119 683 366 777 {¹5312‘2‘gssssh2‘0'
402 700 478 737 suis
508 699 615 748 legiis
643 698 874 736 elemosinas
903 697 1148 746 procurandi,
1170 704 1206 734 et
1235 703 1278 745 30
1305 697 1451 745 privata
1478 695 1672 746 privilegia
1698 701 1766 734 et5

130 760 181 777 aw-

402 556 466 594 dat
490 570 555 594 rex
577 557 731 593 uberius
750 556 854 593 bona
875 555 994 604 regni,
1015 561 1056 591 ut
1076 561 1168 604 puta
1190 554 1314 592 solum
1341 560 1539 603 perpetuat
1559 559 1596 590 et
1615 553 1733 590 licen-

402 770 566 819 speciale
596 769 827 807 beneficium
858 781 898 806 se
928 775 965 806 et
995 780 1063 805 sua
1092 769 1163 804 sub
1191 768 1298 817 regni
1325 768 1473 816 legibus
1495 765 1733 816 protegendi,

400 854 478 890 qua
497 842 742 891 proteccione
763 841 955 878 subtracta
980 840 1152 877 illicitum
1172 839 1270 876 foret
1289 839 1343 876 eis
1364 850 1527 888 regnum
1555 837 1734 874 incolere.

119 907 391 979 ᾗξθὸιξξὲξῖἐζῗζξ
404 912 539 949 Habet
568 919 697 950 autem
728 911 852 949 clerus
878 924 901 949 a
927 911 1080 961 regibus
1110 910 1245 960 triplex
1275 909 1513 959 privilegium
1534 908 1592 945 vel
1620 907 1734 958 privi-

122 975 198 1007 leges
211 975 244 1001 os
258 974 354 1007 citing,

120 1008 288 1047 firring‚'and
306 1008 354 1034 im-

121 1042 360 1108 {{‡}9‡¹¹S{ss}}‡³cts
400 1055 541 1092 iectum
563 1055 612 1092 ad
632 1054 761 1092 locum
782 1055 987 1092 distantem
1002 1054 1040 1090 in
1058 1053 1347 1091 correccionem
1368 1051 1493 1089 anime
1511 1063 1576 1088 sue
1594 1050 1707 1088 citare
1725 1062 1734 1096 ;
1752 1059 1790 1079 10

121 1111 164 1136 for
176 1109 305 1142 spiritual
961 1125 967 1131 .
1118 1125 1124 1131 .
1206 1136 1209 1137 ⁷
1607 1122 1614 1128 .

121 1152 230 1170 causes,
402 1126 574 1164 secundo
604 1126 711 1175 quod
740 1131 867 1175 potest
896 1125 1015 1173 legios
1046 1137 1146 1173 regis
1171 1124 1220 1162 ad
1246 1123 1460 1161 tollendum
1490 1134 1734 1160 occasionem

401 983 544 1034 legium
574 983 761 1033 speciale;
792 983 917 1033 primo
948 981 1080 1032 quod¹
1111 988 1236 1031 potest
1265 980 1522 1018 iurisdiccioni
1550 992 1617 1017 sue
1647 979 1735 1016 sub-

401 1197 588 1246 peccandi
608 1209 709 1246 pena
728 1196 946 1246 pecuniaria
966 1196 1127 1232 multare
1147 1209 1156 1241 3
1186 1202 1222 1232 et
1246 1201 1289 1242 30
1310 1192 1439 1243 quod¹
1460 1199 1585 1242 potest
1614 1192 1735 1241 legios

403 1269 515 1317 regis,
532 1269 655 1306 eciam
671 1268 882 1317 religiosos,
901 1279 972 1316 pro
989 1266 1173 1304 scandalo
1189 1265 1344 1303 vitando
1365 1265 1604 1302 incarcerare
1620 1277 1628 1300 :
1659 1275 1735 1312 que

402 1340 534 1378 omnia
554 1340 625 1376 tria
644 1346 779 1377 notum
800 1346 856 1376 est
886 1351 933 1375 ex
955 1338 1135 1375 civilitate
1165 1337 1386 1387 procedere.
1445 1335 1563 1382 Quod
1584 1335 1613 1373 si
1634 1334 1734 1372 falsi·
2008 1348 2015 1375 ι

403 1411 572 1461 graphus
601 1411 796 1460 negaverit
810 1410 836 1456 2,
857 1409 981 1447 volvat
1011 1409 1137 1459 legem
1168 1409 1281 1446 Cristi
1311 1414 1348 1445 et
1377 1407 1544 1444 inveniat
1573 1406 1639 1443 ubi
1668 1405 1735 1443 ali·
1751 1414 1789 1446 15
2011 1392 2014 1405 ⁶

404 1483 509 1533 quod
539 1483 700 1520 istorum
728 1482 843 1519 trium
873 1481 976 1519 clero
1011 1493 1081 1518 suo
1116 1480 1350 1525 conceditur,
1381 1490 1473 1528 ymo
1508 1478 1582 1515 alia
1612 1478 1736 1514 forma
1750 1479 1781 1508 1.

404 1553 622 1604 corrigendi
654 1553 792 1590 Matth.
831 1555 889 1598 18,
925 1565 943 1588 2
980 1552 1069 1590 Cor.
1104 1565 1126 1587 v
1164 1550 1335 1600 capitulo
1369 1550 1562 1587 limitatur.
1621 1548 1735 1585 Unde
1750 1548 1846 1580 Matt.
1864 1547 1954 1579 xviii.

402 1626 500 1663 sicut
535 1638 602 1663 rex
634 1625 811 1662 concedit
845 1624 948 1661 clero
984 1636 1055 1661 suo
1090 1622 1291 1660 licenciam
1327 1622 1375 1658 ad
1408 1619 1662 1658 habitandum
1695 1619 1735 1656 in
1751 1601 1907 1667 i⁵cor.v.

401 1696 551 1733 unum3
577 1696 631 1734 sic
658 1696 833 1733 concedit
860 1695 912 1733 eis
940 1695 1139 1732 licenciam
1168 1693 1218 1731 ad
1243 1693 1429 1730 utendum
1456 1692 1538 1728 aliis
1567 1703 1643 1741 que
1673 1684 1831 1727 se„pass.

124 1781 216 1806 These
230 1780 379 1819 privileges
403 1774 552 1805 cuntur.
610 1767 727 1813 Quod
757 1768 787 1804 si
816 1767 855 1803 in
885 1766 1014 1816 aliquo
1043 1765 1201 1803 istorum
1231 1764 1457 1813 deliquerint
1487 1775 1553 1800 rex
1584 1768 1732 1799 tenetur
1748 1771 1788 1794 20

123 1815 453 1880 ffrzzvssfivaffiiseded
487 1850 625 1887 pacem
659 1838 768 1887 regni
799 1844 836 1875 et
867 1836 1095 1875 servandum
1130 1836 1320 1873 iusticiam
1351 1835 1408 1872 sui
1439 1834 1529 1883 legii
1557 1833 1734 1870 iniuriam

403 1909 603 1954 innodare,
620 1909 709 1958 quia
723 1909 829 1945 iuxta
846 1909 1044 1946 decretum
1061 1909 1162 1944 beati
1179 1906 1372 1955 Gregorii,
1388 1905 1558 1954 positum
1572 1904 1621 1941 xi.
1635 1916 1670 1953 q.
1685 1903 1735 1950 iii,
1749 1910 1887 1993 Decre}⁸2

1750 1961 1781 1984 e.
1793 1960 1843 1983 xi.
1891 1961 1953 1984 .111.

404 1980 645 2030 privilegium
669 1979 783 2017 debet
811 1979 984 2016 amittere
1012 1978 1077 2028 qui
1105 1978 1177 2015 sibi
1208 1988 1393 2014 concessa
1422 1975 1589 2013 abutitur
1609 1981 1736 2024 potes·
1749 2008 1778 2028 e·
1795 1995 1848 2028 60·

124 2057 495 2109 Citationisqpusffdtate.
553 2048 777 2100 Contingit4
806 2056 934 2088 autem
967 2050 1070 2087 abuti
1105 2049 1229 2098 primo
1263 2047 1460 2097 privilegio
1494 2046 1652 2096 quando
1685 2045 1736 2082 ad

124 2100 393 2193 &ziggilszearlgfsiffnig
407 2124 492 2161 loca
525 2129 674 2160 remota
702 2122 761 2159 vel
790 2122 935 2159 incerta
965 2127 1029 2158 aut
1059 2121 1130 2158 sub
1161 2120 1233 2157 alia
1262 2119 1410 2156 cautela
1437 2125 1596 2155 vexatur
1634 2116 1734 2165 regis
1750 2128 1788 2160 25

125 2177 206 2194 mone
252 2177 268 2193 Ο
307 2177 329 2193 ls
344 2177 379 2193 al'l

125 2202 218 2234 places
231 2202 333 2260 sorsthe
405 2194 525 2244 legius
539 2206 610 2244 pro
628 2194 792 2243 pecunia
812 2193 1088 2242 extorquenda.
1119 2192 1165 2229 In
1183 2204 1261 2241 quo
1275 2191 1396 2228 abusu
1409 2202 1499 2227 cum
1515 2188 1734 2225 iniuriatum

124 2244 274 2296 {³333in
298 2244 347 2261 ex·
405 2267 452 2304 sit
473 2266 553 2315 regi
580 2265 627 2302 de
658 2277 724 2302 sua
753 2264 927 2314 pecunia,
948 2263 996 2301 de
1026 2263 1154 2301 officio
1185 2275 1254 2300 suo
1284 2262 1390 2311 quod
1419 2261 1556 2298 iniuste
1576 2265 1736 2297 vexatus

404 2337 556 2375 interim
581 2337 661 2385 regi
688 2342 725 2373 et
749 2348 869 2385 regno
898 2335 1142 2384 persolveret,
1164 2340 1201 2371 et
1231 2334 1278 2371 de
1309 2333 1444 2370 iniuria
1473 2331 1630 2382 speciali
1659 2342 1736 2380 qua

405 2408 631 2445 laboricium
663 2420 684 2444 a
717 2407 932 2456 specialiter
956 2406 1198 2444 conducente
1228 2404 1472 2450 subtrahitur,
1493 2409 1596 2452 patet
1629 2400 1735 2451 quod

405 2492 472 2516 rex
492 2479 607 2515 habet
627 2478 676 2515 ad
697 2477 966 2527 corrigendum
987 2477 1248 2514 extorsionem
1268 2474 1487 2512 huiusmodi
1508 2473 1734 2523 precipuum
1749 2473 1789 2504 30

406 2551 598 2587 interesse.
657 2549 851 2587 Scrutetur
881 2549 994 2597 igitur
1023 2548 1262 2586 adversarius
1300 2546 1504 2595 scripturas
1542 2551 1580 2582 et
1610 2543 1736 2580 videat

407 2622 437 2658 51
459 2620 604 2658 Cristus
625 2620 683 2657 vel
704 2620 868 2670 apostoli
895 2620 948 2657 sic
976 2619 1157 2666 fecerunt,
1179 2619 1271 2668 quin
1298 2617 1432 2667 pocius
1458 2615 1735 2665 prohibuerunt

405 2692 500 2730 tales
516 2692 672 2728 iniurias
687 2692 833 2729 fiendas
853 2691 1055 2740 gentilibus
1075 2703 1124 2727 ne
1145 2701 1290 2726 nomen
1311 2688 1457 2725 domini
1477 2686 1733 2730 blasfemetur,
1749 2692 1845 2724 Rom.
1863 2692 1930 2723 xiii.

408 2769 513 2813 patet
534 2762 649 2800 Rom.
668 2763 743 2808 xiii,
761 2762 895 2799 Titum
910 2762 944 2798 vi
966 2769 1002 2799 et
1022 2760 1181 2810 epistula
1202 2759 1249 2796 ad
1270 2758 1549 2796 Philemonem.
1599 2756 1734 2803 Quan-
1748 2736 1888 2811 {1¹13}AE

451 2860 460 2877 ¹
485 2865 574 2901 patet
589 2865 665 2891 anle
681 2859 780 2902 quod,
793 2859 866 2890 add.
882 2868 914 2891 Α.
1005 2859 1018 2876 ’·’
1040 2858 1211 2895 notaverit,
1230 2865 1260 2889 B.
1349 2856 1360 2874 ³
1384 2866 1478 2887 suum
1497 2859 1560 2896 pro
1575 2863 1685 2891 unum,
1699 2861 1733 2885 A.

405 2911 416 2929 ⁴
441 2913 602 2954 Contigit,
620 2921 653 2945 Α.
