2018 3401
724 327 788 357 DE
821 325 1013 357 OFFIc‘ro
1047 326 1201 357 REGIS.
1823 320 1903 373 263

303 431 405 469 dum.
467 431 542 469 Sed
563 443 635 469 nec
655 443 701 469 ex
723 431 971 476 revelacione,
994 442 1064 468 nec
1088 443 1135 467 ex
1161 430 1234 467 fide
1261 431 1457 479 scripture,
1480 443 1550 468 nec
1581 444 1627 469 ex

302 502 386 551 lege
416 502 649 551 inculpabili,
670 501 784 538 habet
816 502 869 538 sic
902 512 1076 550 gwerans
1103 513 1173 550 pro
1203 501 1478 550 temporalibus
1508 514 1629 551 usque

302 573 351 610 ad
384 572 691 610 interfeccionem
730 572 895 621 proximi
935 572 987 609 sic
1029 584 1214 620 pugnare.
1270 572 1376 621 Ergo
1415 573 1629 610 secundum

83 640 244 714 gristPtg
300 644 427 693 legem
458 650 592 680 nature
622 643 696 681 hoc
727 642 823 680 foret
854 643 1037 680 illicitum.
1097 643 1212 680 Unde
1241 643 1463 680 Aristoteles
1493 650 1559 681 ca0
1580 642 1628 680 x¹

82 693 153 758 Χῗα
167 684 285 715 becoet‘
300 721 545 760 secretorum,
584 713 618 750 O
650 714 887 751 Allexander
911 714 1133 764 ftequenter
1171 715 1300 750 monui
1323 713 1379 750 te²
1417 719 1459 750 nt
1484 721 1630 762 parcas

299 786 515 834 sanguinem
536 785 737 822 humanum
758 785 948 835 effundere,
971 785 1060 834 quia
1081 784 1155 822 hoc
1178 785 1246 822 soli
1268 784 1342 822 (leo
1364 785 1543 822 convenit
1563 785 1628 834 qui
1655 812 1658 815 .

299 857 403 893 novit
441 856 568 893 oculta
615 855 800 893 cordium.
869 854 968 892 Noli
1000 868 1086 903 ergo
1124 856 1322 892 attribuere
1358 856 1428 892 tl'bz'
1461 857 1627 892 dz'vz'num

299 926 465 976 officz‘um.
541 927 647 965 Unde
675 928 800 964 doctor
828 927 998 975 egregius
1019 927 1268 975 Hermogenes
1297 928 1450 974 scrispsit
1476 927 1596 963 dicens
1609 941 1627 969 ,-

301 1001 308 1016 ‘
327 996 480 1042 Quando
500 1002 673 1034 creatura
694 997 870 1046 interficit
886 998 1000 1033 aliam
1020 997 1095 1034 sibe*
1110 998 1277 1043 similem,
1299 998 1452 1034 virtutes
1472 998 1627 1034 celorum

82 1081 128 1110 53
146 1081 180 1111 d.
300 1069 465 1104 clamant
489 1068 543 1105 ad
570 1069 736 1105 divinam
759 1066 777 1086 '¹‘
800 1069 1020 1105 malestatem
1042 1068 1204 1112 dicentes,
1226 1068 1376 1113 domine,
1397 1080 1526 1104 servus
1545 1072 1629 1104 tuus

301 1139 370 1176 wll
403 1151 476 1176 esse
513 1139 581 1176 tibi
614 1139 760 1175 similis.
823 1137 963 1184 Quibus
1001 1140 1038 1175 sz'
1072 1140 1204 1175 z'nz'uste
1232 1139 1409 1187 interficit
1444 1140 1633 1187 respondet

299 1213 454 1255 creator,
483 1209 692 1246 Pernn'tlz'te
719 1221 797 1245 eum
827 1211 915 1258 quia
947 1209 1194 1258 interficietur.
1264 1208 1397 1245 fllz'clzz'
1420 1211 1514 1245 enim
1544 1211 1627 1246 ἀἰη-

299 1280 432 1316 dictam
446 1279 459 1300 ³
479 1284 512 1316 et
538 1292 600 1328 ego
624 1279 849 1316 retribuam!
905 1279 954 1316 Et
975 1285 1076 1328 patet
1096 1291 1143 1316 ex
1164 1279 1239 1316 fide
1264 1279 1398 1316 eadem
1420 1280 1626 1317 sentencia.
1640 1299 1665 1315 2.
1682 1289 1762 1315 Faith
1777 1290 1894 1316 teaches

1639 1324 1685 1348 the
1699 1333 1774 1349 sanie
1791 1324 1899 1350 lcsson.

300 1350 410 1397 Quis,
448 1362 556 1399 rogo,
596 1350 804 1388 modernus
843 1362 1034 1399 gwerrans
1082 1349 1198 1387 habet
1246 1350 1524 1387 revelacionem
1563 1351 1622 1388 vel
1639 1357 1689 1382 We
1703 1357 1773 1382 have
1787 1366 1822 1382 no
1836 1367 1877 1383 re-

1638 1390 1759 1416 velation
1772 1391 1843 1416 from

245 1439 284 1471 15
298 1427 518 1470 preceptum
539 1421 686 1458 domini
707 1420 813 1470 quod
834 1421 927 1458 deus
951 1421 1109 1458 instituit
1129 1433 1217 1458 eum
1239 1420 1287 1458 ad
1308 1428 1385 1458 tam
1407 1421 1542 1458 acriter
1563 1421 1625 1458 dei
1639 1424 1890 1484 gffilistggcgfagis

296 1492 474 1529 iniuriam
495 1492 797 1529 vindicandum?
854 1492 904 1529 Et
924 1498 1086 1536 constat,
1108 1492 1180 1529 nisi
1210 1492 1469 1540 principaliter
1498 1492 1626 1530 fecerit
1640 1500 1808 1524 veflgssance·

297 1575 343 1600 ea
381 1563 614 1608 intencione,
653 1569 709 1600 est
743 1575 887 1612 gwerra
926 1562 1065 1599 illicita.
1125 1561 1229 1599 Ymo
1267 1562 1339 1599 nisi
1379 1563 1628 1612 principalius
1643 1569 1916 1601 Ifweintermingle

1641 1604 1733 1629 selfish
1758 1603 1875 1629 motives

297 1633 428 1672 fecerit
466 1646 513 1671 ex
553 1633 705 1671 caritate
744 1645 860 1682 quam
894 1633 1012 1670 habet
1043 1632 1091 1670 ad
1125 1633 1276 1670 invasos
1311 1645 1382 1681 pro
1416 1633 1627 1682 mitiganda
1641 1637 1857 1696 ffilssffirfareis

299 1716 432 1742 eorum
471 1704 623 1741 malicia
661 1716 777 1753 quam
825 1710 981 1753 propter
1029 1703 1240 1741 comodum
1289 1703 1499 1752 temporale
1547 1710 1628 1741 tota

247 1792 286 1814 20
299 1787 458 1824 pungna
478 1775 771 1824 dampnabiliter
791 1781 848 1812 est
868 1774 1016 1811 infecta.
1077 1773 1179 1810 Nam
1201 1774 1356 1823 quilibet
1373 1774 1493 1811 viator
1515 1774 1628 1812 debet

299 1847 383 1896 capi
404 1859 426 1884 a
447 1846 577 1884 seculo
608 1858 677 1895 pro
710 1853 882 1895 tempore
902 1846 960 1883 vie
995 1857 1073 1894 quo
1105 1852 1161 1882 est
1191 1845 1315 1894 magis
1347 1845 1547 1882 laudabilis
1570 1846 1628 1882 vel

299 1918 426 1954 minus
447 1917 659 1966 culpabilis,
676 1916 733 1954 vel
754 1916 889 1953 saltem
909 1928 980 1965 pro
1002 1916 1120 1953 modo
1141 1922 1176 1952 et
1198 1922 1370 1965 tempore
1400 1928 1515 1965 quem
1536 1915 1630 1954 deus

81 1998 118 2029 o.
298 1989 497 2038 approbat.
557 1987 633 2025 Sed
668 1988 716 2025 ad
751 1987 824 2024 hoc
864 1999 943 2024 non
988 1987 1150 2024 attendit
1189 1987 1381 2036 predictus
1421 1986 1589 2024 carnifex
1604 1985 1629 2025 4.

298 2059 394 2097 Ideo
410 2066 467 2097 est
484 2059 710 2108 culpandus,
728 2071 807 2096 non
827 2059 930 2095 enim
948 2058 1137 2106 ingereret
1154 2069 1193 2094 se
1214 2057 1262 2094 ad
1279 2064 1355 2094 tarn
1372 2058 1627 2106 periculosum

247 2145 285 2177 ²5
300 2130 510 2168 cauterium
549 2129 688 2166 nobilis
726 2129 897 2178 corporis
944 2128 1103 2165 humani
1151 2128 1300 2177 generis
1350 2129 1421 2165 nisi
1470 2128 1627 2166 haberet
1642 2144 1688 2202 pff.
1701 2143 1764 2169 who
1777 2143 1885 2175 applies

1589 2199 1595 2205 .
1639 2183 1694 2203 tis
1707 2183 1822 2209 cautery

299 2200 563 2238 auctoritatem
591 2211 613 2237 a
643 2199 802 2237 domino
834 2199 906 2237 hoc
938 2199 1146 2236 mandante
1179 2205 1215 2236 et
1247 2205 1367 2235 artem
1390 2211 1411 2236 a
1433 2199 1559 2236 Cristo
1587 2211 1624 2235 1n
1639 2211 1890 2270 {ieedimnhffriia'

1652 2253 1696 2270 lon
1723 2253 1779 2269 ΓΟΠ]
1810 2253 1837 2269 10

298 2271 453 2309 caritate
474 2276 612 2308 cuncta
633 2276 764 2307 nostra
783 2282 902 2318 opera
923 2269 1002 2307 sieri
1024 2269 1210 2306 edocente
1225 2269 1250 2306 ⁵.
1310 2268 1501 2306 Neutrum
1522 2269 1624 2305 enim
1637 2277 1873 2337 Qiuiffirxscttion

299 2342 458 2380 istorum
493 2341 630 2378 sufficit
661 2341 743 2378 sine
778 2341 938 2390 reliquo,
968 2341 1063 2377 sicut
1091 2340 1198 2377 Iesus
1232 2346 1361 2377 noster
1391 2340 1512 2377 noluit
1546 2341 1627 2377 sine

300 2413 493 2451 divinitate
532 2419 568 2449 et
607 2411 843 2449 humanitate
895 2411 1196 2460 inseparabiliter
1240 2411 1459 2448 coniunctis
1507 2424 1628 2459 genus

243 2496 284 2527 30
300 2484 515 2522 humanum
549 2483 748 2520 redimere.
806 2482 890 2520 Nec
929 2482 1047 2519 homo
1087 2482 1200 2519 debet
1239 2482 1319 2519 sine
1359 2483 1437 2519 istis
1477 2481 1626 2519 duabus

297 2556 414 2592 vitam
446 2554 660 2592 naturalem
700 2553 821 2591 {ratris
850 2553 1009 2602 perdere
1023 2553 1046 2590 ⁰.
1105 2552 1153 2589 Et
1183 2553 1346 2589 breviter
1375 2560 1458 2589 tota
1490 2559 1623 2589 natura
1638 2571 1853 2597 Αῃῐῃωῐρῑς(ῆι

297 2632 425 2664 creata
444 2632 500 2663 est
520 2625 614 2662 liber
643 2624 835 2669 naturalis,
853 2624 984 2661 dicens
1014 2623 1125 2661 nobis
1155 2623 1353 2672 quomodo
1383 2605 1850 2678 secundum⁷332‘35522s'ffiss
1861 2614 1902 2664 ζζζξ

297 2696 524 2745 religionem
563 2696 782 2733 cristianam
825 2695 942 2732 deum
982 2701 1154 2731 nostrum
1194 2700 1230 2730 et
1268 2693 1400 2730 fratres
1435 2672 1886 2732 debemus{Quss‘irlsiisstiissii

81 2768 282 2808 Crysostom.
297 2767 464 2815 diligere,
505 2766 653 2804 dicente
687 2766 925 2804 Crisostomo
966 2764 1105 2801 omelia
1148 2776 1192 2800 22
1232 2763 1358 2812 operis
1388 2762 1620 2811 imperfecti3

82 2812 185 2843 Hom.

1305 2860 1313 2877 4

344 2863 351 2881 ¹
380 2871 441 2901 xv,
459 2872 493 2900 A,
513 2871 543 2894 B.
631 2863 642 2880 ²
667 2868 706 2900 te,
726 2874 785 2894 om*
805 2870 836 2894 Α.
927 2863 937 2879 ³
954 2862 1162 2900 vindicatam,
1181 2869 1214 2892 Α.
1335 2861 1486 2899 carnifex,
1509 2872 1567 2892 om.
1588 2869 1619 2892 A.

299 2915 310 2933 ⁵
335 2915 536 2950 edocentem,
555 2923 588 2946 Λ.
681 2914 692 2932 ⁶
716 2917 751 2946 in
771 2925 874 2955 marg.
893 2915 993 2953 Nota,
1013 2923 1045 2946 Λ.
1134 2912 1144 2929 ⁷
1170 2913 1321 2945 seeundo.
1340 2921 1371 2944 Α.
