2018 3401
656 329 719 360 DE
752 329 946 361 orrlcro
980 328 1133 360 REcrs.
1767 320 1844 375 189

234 435 340 471 iuxta
368 434 527 472 istorum
557 434 761 472 doctorum
791 435 993 472 stulticiam
1023 447 1071 472 ne
1102 435 1269 472 discatur
1295 435 1353 472 vel
1383 435 1565 472 doceatur

236 506 327 543 inibi
361 506 420 543 lex
451 506 588 543 divina.
645 506 696 542 Et
722 513 825 555 patet
854 507 983 550 tercio,
1015 518 1103 543 cum
1133 506 1271 543 eadem
1301 507 1347 543 sit
1379 507 1484 544 racio
1515 519 1562 543 ne
1577 517 1706 542 Asthere
1721 517 1829 543 arethe

1577 559 1652 576 same
1666 560 1777 576 reasons

237 578 294 615 ius
328 578 436 615 civile
468 578 615 627 legatur
646 578 685 614 in
719 578 871 626 Anglia,
908 578 1055 615 videtur
1089 578 1195 627 quod
1230 579 1563 616 contravenientes
1576 584 1846 643 Effinttfflffeldlffiv

237 650 295 686 isti
341 649 484 686 racioni
532 649 727 686 incurrunt
775 649 904 698 quoad
958 649 1160 686 dominum
1213 655 1360 686 tantam
1408 627 1847 718 penam-ffssfflgssssggssfflffiffi

205 719 523 759 5Nam·tantum
557 720 616 757 vel
655 720 738 769 plus
777 720 979 769 elongatur
1008 720 1150 769 Anglia
1190 721 1287 758 sicut
1326 728 1363 758 et
1402 721 1563 758 Francia
1577 707 1851 785 {Zssgffpigffiffighssf

236 804 258 827 a
292 791 375 840 lege
410 791 580 840 imperii3
611 798 648 828 et
679 792 816 828 iterum
852 799 930 828 tam
962 792 1222 829 necessarium
1251 798 1307 829 est
1337 804 1565 840 promovere
1580 786 1799 813 exoemnumm‘

1581 829 1646 847 [lon.

236 862 470 910 theologiam
508 869 545 899 et
584 862 699 899 fidem
739 862 853 900 Cristi
882 863 921 899 in
967 863 1109 912 Anglia
1148 863 1319 900 tollendo
1357 863 1568 912 prohibens

236 934 332 971 sicut
361 933 513 971 francia.
571 934 672 972 Cum
702 934 815 983 igitur
845 947 947 983 papa
977 947 1056 972 non
1086 935 1250 984 imponit
1280 935 1392 971 istam
1423 947 1567 984 penam

238 1006 308 1043 nisi
346 1006 435 1055 quia
473 1006 575 1043 racio
615 1007 771 1055 requirit
810 1006 957 1043 videtur
996 1007 1101 1056 quod
1146 1007 1366 1055 ubicunque
1405 1014 1461 1043 est
1501 1019 1568 1055 par

189 1086 226 1109 10
240 1077 294 1114 vel
315 1078 450 1127 pocior
469 1078 573 1115 racio
594 1084 698 1115 tanta
725 1090 826 1127 pena
855 1078 1039 1127 infligitur
1059 1084 1151 1127 aput
1173 1079 1374 1116 dominum
1395 1078 1570 1115 racionis.

236 1149 287 1186 Et
306 1161 436 1187 revera
456 1149 741 1187 excomunicari
772 1162 794 1186 a
823 1149 896 1186 deo
927 1157 983 1186 est
1012 1150 1167 1198 gravius
1199 1162 1317 1198 quam
1348 1150 1570 1187 excomuni-

237 1221 357 1257 caria
377 1232 501 1269 papa3
533 1232 621 1257 cum
650 1220 798 1269 papalis
827 1221 1146 1258 excomunicacio
1178 1222 1307 1270 sepius
1335 1228 1393 1258 est
1420 1222 1568 1266 iniusta,

238 1303 318 1328 non
357 1304 502 1329 nocens
535 1292 704 1338 nodato;
753 1292 1073 1329 excomunicacio
1108 1304 1197 1329 vero
1232 1293 1291 1329 dei
1327 1300 1383 1330 est
1417 1305 1571 1342 semper

240 1363 338 1400 iusta
375 1370 411 1399 et
450 1363 602 1411 signum
643 1363 777 1412 penale
817 1363 1048 1401 insensibilis
1097 1365 1333 1402 nocumenti.
1408 1364 1646 1403 VideturThe
1660 1377 1850 1404 Cianawis

188 1445 225 1476 15
240 1434 342 1470 enirn
378 1433 494 1482 quod,
526 1433 601 1470 sive
635 1446 738 1482 papa
766 1434 1035 1472 excomunicet
1067 1435 1143 1472 sive
1168 1447 1256 1488 'non
1288 1412 1854 1482 exeomunicet,i3d2251i¹1¹ss³sstl¹y⁰⁶0df

239 1517 327 1543 cum
366 1512 459 1542 nota
497 1496 543 1542 sit
590 1505 964 1543 contravenientibus
1002 1506 1060 1543 vel
1100 1506 1210 1544 nosci
1249 1506 1362 1544 debet
1400 1519 1470 1556 par
1504 1520 1569 1545 ex·
1584 1479 1850 1539 ssgnggffikgjoemu-

239 1577 511 1615 comunicandi
542 1577 655 1622 racio,
688 1584 744 1614 est
775 1577 829 1614 eis
859 1584 937 1614 tam
970 1577 1095 1626 gravis
1125 1578 1441 1615 excomunicacio
1472 1591 1569 1627 quo-

239 1648 288 1685 ad
317 1648 444 1695 deum,
476 1649 566 1698 quia
595 1649 724 1686 tanta¹
756 1649 1023 1686 inobediencia
1050 1649 1221 1686 racioni:
1255 1661 1359 1699 ymo,
1381 1662 1470 1686 cum
1499 1650 1570 1687 ista

239 1725 379 1755 statuta
417 1719 571 1768 papalia
617 1731 698 1756 non
738 1719 812 1756 sint
851 1719 955 1756 aliter
992 1719 1101 1764 iusta,
1141 1718 1289 1756 videtur
1329 1719 1434 1768 quod
1475 1720 1570 1757 sicut

189 1789 357 1826 2olibere
389 1789 574 1827 obediens
608 1790 751 1827 racioni
786 1789 871 1839 plus
905 1796 1071 1826 meretur
1105 1789 1158 1826 sic
1193 1790 1309 1839 gratis
1342 1790 1570 1828 inobediens

240 1860 384 1897 racioni
422 1861 587 1909 amplius
625 1861 846 1898 demeretur.
924 1860 1027 1898 Nam
1066 1868 1229 1898 statuere
1272 1861 1428 1898 exilium
1468 1862 1569 1900 scole
1587 1871 1821 1897 Fortherestric-

240 1931 332 1980 legis
361 1932 477 1969 civilis
498 1932 663 1969 Parisius
694 1945 773 1970 non
795 1933 941 1970 videtur
970 1945 1038 1982 per
1068 1945 1106 1970 se
1137 1933 1290 1978 iustum,
1316 1945 1404 1970 cum
1437 1934 1569 1972 docto·
1584 1906 1794 1972 ‘133¹ss;‡³{{,'[‚¹g;;;

239 2004 312 2040 rari
342 2004 380 2041 in
410 2004 482 2041 illis
511 2004 660 2053 legibus
689 2005 735 2042 sit
766 2005 911 2042 licitum
941 2011 978 2042 et
1005 2016 1026 2041 a
1053 2017 1154 2053 papa
1184 2017 1253 2054 per
1274 2006 1569 2054 promocionem
1585 1979 1688 2006 mum·

239 2075 289 2112 ad
318 2076 474 2125 pinguia
501 2076 688 2113 beneficia
717 2076 974 2113 ecclesiastica
1005 2076 1246 2124 premiatum.
1306 2075 1436 2113 Locus
1466 2077 1569 2113 enim

189 2161 226 2191 25
240 2147 386 2184 videtur
420 2147 670 2195 impertinens
709 2147 940 2193 doctoratui,
977 2147 1074 2184 sicut
1113 2153 1168 2183 est
1203 2159 1302 2195 pape
1342 2147 1569 2196 incognitus.

240 2217 338 2255 Item
378 2230 467 2255 cum
506 2230 618 2255 cause
657 2216 926 2255 inhibicionis²
964 2217 1182 2254 huiusmodi
1224 2216 1347 2254 forent
1390 2217 1571 2255 forciores

240 2291 279 2327 in
310 2290 414 2327 curia
447 2301 547 2339 pape
581 2296 696 2338 atque
731 2288 908 2326 Bononie
941 2288 1088 2325 videtur
1122 2288 1227 2337 quod
1262 2289 1312 2325 ibi
1353 2301 1432 2326 non
1468 2289 1571 2338 lege-

242 2368 371 2398 rentur
404 2361 485 2398 iura
518 2360 653 2406 civilia,
685 2359 883 2409 potissime
914 2371 1004 2396 cum
1038 2372 1138 2408 pape
1170 2360 1217 2397 sit
1251 2360 1432 2408 ampliare
1466 2360 1572 2409 leges

242 2431 412 2477 ecclesie,
459 2444 532 2481 que
580 2444 646 2481 per
694 2443 734 2468 se
783 2430 972 2468 sufficiunt
1020 2431 1069 2468 ad
1116 2438 1237 2468 totam
1286 2432 1569 2469 universitatem

189 2511 231 2541 30
245 2503 412 2540 fidelium
447 2503 709 2552 regulandam.
767 2501 881 2539 Unde
911 2514 1002 2550 ergo
1041 2503 1144 2540 racio
1180 2503 1354 2540 inutiliter
1385 2504 1569 2541 onerandi
1585 2509 1770 2542 Whyshould
1786 2509 1833 2535 the

245 2573 446 2611 ecclesiam
477 2573 647 2611 fidelium
670 2585 759 2611 cum
789 2573 872 2621 lege
903 2573 1119 2622 superflua?
1177 2574 1273 2611 Item
1294 2575 1440 2611 videtur
1466 2575 1570 2623 quod
1584 2544 1805 2602 hlgssssihwlffilbur

258 2635 261 2638 .
1584 2620 1615 2636 su
1638 2611 1758 2637 erfluous
1779 2611 1830 2636 law
1840 2611 1852 2635 ἶ)

245 2645 275 2682 si
315 2644 441 2693 aliqua
487 2644 646 2683 facultas
699 2645 745 2682 sit
793 2644 1117 2693 contempnenda,
1165 2649 1349 2693 tanquam
1399 2645 1572 2682 doctrine
1619 2620 1636 2643 p

245 2715 422 2753 cristiane
471 2722 656 2765 suspecta,
707 2716 790 2764 ipsa
837 2714 931 2752 foret
980 2715 1176 2764 potissime
1216 2715 1254 2751 in
1295 2727 1365 2752 suo
1403 2716 1572 2763 generali

247 2786 393 2823 ambitu
431 2786 491 2823 lex
527 2786 653 2824 civilis.
721 2786 824 2823 Nam
859 2785 1003 2822 nedum
1038 2798 1105 2834 per
1136 2785 1219 2823 illos
1254 2792 1345 2835 aput
1378 2798 1476 2835 quos
1510 2786 1806 2836 Ιθ)(Αῑ,;,ψ,,,ὼῑςιι

1584 2838 1634 2863 ἣτις
1647 2845 1694 2864 not
1708 2839 1774 2871 only
1783 2839 1852 2863 been

193 2864 231 2896 35
246 2857 316 2895 ista
345 2857 431 2906 plus
461 2857 576 2905 viguit
605 2857 819 2895 martirisati
851 2863 937 2894 sunt
969 2857 1088 2894 sancti
1129 2857 1300 2902 ecclesie,
1333 2857 1398 2894 sed
1429 2858 1572 2895 videtur
1586 2873 1654 2898 used
1672 2873 1713 2899 s„r
1733 2873 1851 2904 [belm.

550 2937 560 2956 ¹
584 2943 718 2975 tantam,
738 2948 767 2969 Α.
916 2938 927 2954 ²
951 2937 1216 2975 inexhibicionis‚
1235 2947 1266 2968 A.
