2018 3401
104 321 184 376 136
797 327 861 358 DE
893 326 1088 360 OFFICIO
1121 324 1277 358 REGIS.

379 433 531 472 dotacio
559 432 645 471 facit
672 433 777 482 quod
806 432 971 481 dignitas
1000 430 1245 469 sacerdotalis
1275 430 1322 467 sit
1344 428 1479 474 maior,
1502 440 1590 466 cum
1612 434 1704 465 tunc

379 505 499 543 nostri
537 504 708 554 episcopi
746 504 785 540 in
816 503 892 541 hoc
925 502 1154 540 excederent
1189 508 1364 539 sanctum
1393 500 1560 537 Petrum.
1616 499 1708 536 Plus

380 576 494 626 igitur
513 576 608 614 foret
628 588 787 612 necesse
808 574 889 623 regi
910 581 946 612 et
967 586 1087 623 regno
1115 573 1319 622 disponere
1349 578 1485 609 contra
1515 582 1708 620 expensas

380 645 725 685 extraordinarias1
747 646 985 695 superiorum
1006 645 1231 683 clericorum
1252 656 1369 693 quam
1390 649 1525 681 contra
1546 641 1708 679 culicem

382 718 614 767 simplicium
634 717 888 755 sacerdotum.
945 717 1040 754 Ideo
1061 715 1167 765 quod
1187 715 1238 752 illi
1263 714 1502 763 singulariter
1523 714 1561 750 in
1582 713 1710 750 stricto
1725 721 1743 754 5

383 790 574 840 stipendio
605 789 824 835 limitantur,
857 801 904 825 ex
936 788 1212 838 procuracione
1250 786 1483 837 potencioris
1514 783 1710 835 presbiteri

384 861 528 900 carceri
561 860 841 910 mancipantur,
872 866 908 897 et
937 859 1194 907 multipliciter
1220 871 1289 907 per
1318 858 1436 895 laicos
1467 857 1710 905 castigantur,

384 945 464 970 non
501 933 617 979 racio,
650 932 718 969 sed
757 931 1018 969 mammonica
1056 929 1220 967 racionis
1251 929 1461 978 depressio,
1493 927 1711 965 introducit.

384 1003 500 1041 Unde
526 1016 612 1041 reor
643 1003 768 1041 solum
798 1015 866 1040 eos
895 1002 955 1039 isti
987 1002 1180 1039 sentencie
1210 1000 1472 1039 contradicere
1493 999 1559 1049 qui
1581 998 1710 1035 sitiunt

385 1075 599 1112 dominium
619 1074 675 1111 vel
697 1080 877 1124 questum
899 1073 1026 1118 seculi,
1047 1073 1085 1109 in
1106 1073 1214 1110 cuius
1234 1072 1388 1120 signum
1410 1069 1712 1108 contradictores
1730 1074 1770 1095 10

385 1146 479 1183 tales
499 1158 580 1183 non
605 1152 769 1194 querunt
798 1145 871 1182 nisi
901 1145 938 1181 in
969 1144 1084 1182 altera
1113 1144 1270 1181 istarum
1301 1153 1503 1180 causarum
1529 1139 1713 1177 auxilium

107 1217 532 1292 Ξὲἱῐιὲζιξξῖὶξςῑιιίςϋῑειοῇἰί
563 1216 752 1254 secularis.
809 1215 859 1253 Et
889 1223 1077 1265 quantum
1098 1215 1146 1252 ad
1167 1227 1304 1252 omnes
1325 1214 1429 1263 leges
1450 1212 1511 1250 vel
1542 1212 1716 1249 raciones

108 1294 231 1326 through
245 1294 292 1325 lay
387 1289 426 1325 in
447 1289 671 1338 oppositum
698 1287 914 1337 alligandas
942 1293 1046 1336 patet
1068 1286 1173 1335 quod
1197 1285 1382 1322 tolluntur
1401 1297 1470 1333 per
1499 1283 1587 1326 hoc,
1609 1281 1715 1332 quod

108 1327 248 1354 minis-ress
262 1327 342 1352 when

106 1361 309 1421 fflisnclssssgirftssass
388 1373 456 1398 rex
490 1372 571 1397 non
610 1360 724 1396 debet
757 1359 826 1396 hec
861 1359 983 1396 facere
1017 1358 1055 1394 in
1090 1370 1258 1407 persona
1290 1357 1386 1394 laica
1417 1356 1488 1393 nisi
1516 1355 1717 1392 deficiente

107 1428 369 1493 ἓξὲξτζὲξξξοζᾟ
387 1431 563 1469 ministro
602 1443 672 1468 suo
713 1431 863 1475 clerico,
903 1429 961 1466 vel
1000 1430 1029 1466 si
1068 1429 1230 1477 corrigat
1264 1441 1333 1477 per
1364 1428 1505 1464 laicum
1537 1426 1610 1464 hoc
1650 1425 1772 1469 erit15

110 1497 143 1522 of
152 1496 263 1525 action;
284 1495 326 1520 sor

110 1530 158 1563 the
171 1530 218 1561 lay
228 1529 317 1561 judge

107 1562 370 1630 {ss’g¹t¹{¹c¹{{r{⁰{ft{¹ffe
389 1581 588 1624 peccatum
608 1573 822 1611 secundum
844 1573 1039 1610 racionem
1060 1578 1194 1609 contra
1214 1571 1481 1620 perturbatum
1497 1568 1720 1618 reipublice,

109 1630 317 1690 ξὲὲιῗξῗὲἐῑζὲῗ
390 1653 428 1683 et
447 1645 560 1682 iudex
588 1645 864 1682 ecclesiasticus
895 1643 1107 1681 secundum
1136 1643 1331 1679 racionem
1362 1647 1496 1678 contra
1524 1641 1719 1677 turbatum

107 1698 313 1731 judgeforthe
517 1717 523 1723 .
684 1716 690 1722 .
1163 1714 1169 1720 .
1446 1713 1451 1718 .
1569 1712 1574 1718 .
1627 1712 1634 1718 .
1668 1711 1674 1718 .

112 1730 371 1764 protectionofthe
392 1717 561 1754 ecclesie.
629 1716 715 1753 Alie
747 1722 877 1753 autem
915 1722 1003 1752 sunt
1041 1726 1195 1763 arguele
1225 1713 1273 1751 de
1306 1712 1532 1750 confusione
1566 1711 1719 1749 1ur1d1c-

111 1765 235 1793 Church.

387 1503 600 1541 secundum
629 1502 821 1552 disparem
851 1502 1059 1539 racionem.
1118 1500 1239 1537 Iudex
1270 1500 1373 1536 enim
1406 1498 1585 1536 secularis
1610 1497 1719 1546 punit

393 1788 549 1826 cionum
576 1800 650 1837 que
682 1800 760 1824 non
792 1793 879 1824 sunt
907 1786 1022 1835 digne
1052 1785 1261 1830 solucione,
1289 1796 1363 1821 nec
1393 1790 1509 1821 testes
1540 1782 1720 1820 credendi
1737 1794 1778 1816 20

393 1865 482 1896 sunt
502 1860 541 1896 in
558 1859 629 1896 ista
648 1859 806 1896 materia
827 1858 897 1895 nisi
919 1857 964 1894 de
986 1864 1130 1906 quanto
1147 1869 1185 1893 se
1207 1855 1446 1893 fundaverint
1467 1855 1506 1891 in
1523 1854 1721 1903 scriptura.

114 1932 322 1992 ἒξὲἓῇιξὸζθῂὴ
393 1929 508 1967 Unde
525 1929 671 1966 videtur
691 1929 780 1966 mihi
798 1928 904 1978 quod
925 1941 990 1966 rex
1012 1928 1124 1965 debet
1143 1927 1320 1964 ordinare
1341 1933 1382 1963 ut
1401 1933 1482 1963 tota
1501 1925 1518 1944 *
1537 1925 1724 1975 peccunia
1734 1929 1814 1959 Fol.
1827 1929 1894 1958 142
1906 1936 1939 1958 a.

91 1998 696 2059 ¹{Effiggtg‘vssgfflhfflfyextraordinaria
743 2012 860 2049 quam
908 1999 1041 2048 prelati
1084 2011 1105 2035 a
1145 1998 1248 2035 clero
1295 1997 1354 2034 vel
1402 1997 1501 2034 laico
1550 1996 1724 2032 subiecto

116 2067 237 2100 prelates
251 2066 322 2091 have

116 2100 235 2126 exacted
248 2100 318 2125 from

116 2134 363 2198 ξῗξζῖεζῖζζζῖὲω
398 2144 607 2189 distributa,
632 2143 689 2179 vel
721 2142 836 2179 docto
869 2141 916 2178 de
948 2141 1167 2178 extorsione
1200 2139 1306 2189 quod
1337 2139 1384 2176 sit
1412 2138 1462 2175 illi
1493 2138 1558 2187 qui
1584 2138 1776 2188 patitur25

119 2201 219 2227 should
232 2201 266 2226 be
280 2200 369 2225 either
399 2214 405 2221 ·
441 2215 446 2221 .
500 2214 505 2220 .
684 2214 690 2220 .
1016 2212 1022 2218 .
1254 2211 1260 2217 .
1330 2210 1336 2217 .
1700 2209 1705 2214 .

118 2234 201 2267 give„
215 2234 303 2260 tome
318 2242 386 2266 poor
398 2226 574 2251 nnunam
604 2220 787 2251 restituta.
845 2212 965 2258 Quod
995 2225 1024 2249 Sl
1054 2211 1221 2261 prelatus
1252 2210 1455 2247 iustificare
1487 2221 1567 2245 non
1588 2208 1725 2246 sufficit

118 2278 149 2295 or
161 2268 309 2295 refunded.

398 2072 583 2121 colligunt
603 2072 648 2109 sit
669 2071 900 2120 pauperibus
921 2071 1007 2116 suis,
1025 2070 1162 2119 quibus
1182 2068 1349 2105 multatis
1369 2067 1568 2105 iniuriatus
1590 2066 1723 2112 fuerat,

397 2291 521 2323 currat
542 2285 581 2321 in
601 2297 691 2322 eum
711 2284 772 2321 lex
793 2284 893 2332 regis
914 2283 960 2320 de
982 2283 1122 2327 debito,
1145 2282 1197 2319 sic
1220 2281 1325 2332 quod
1345 2281 1470 2330 ipsum
1491 2280 1725 2318 convincens

397 2354 603 2405 reportet*
627 2354 813 2404 duplum2
844 2354 894 2391 ad
923 2355 1152 2403 peccuniam
1184 2353 1348 2390 levatam
1381 2352 1427 2389 de
1455 2351 1619 2396 subdito,
1650 2362 1724 2400 que
1736 2363 1784 2392 30
1801 2361 1838 2391 b.

397 2427 642 2464 distribuatur
680 2425 925 2475 pauperibus.
1001 2423 1116 2461 Tunc
1156 2423 1259 2461 enim
1301 2422 1464 2459 discerni
1513 2421 1654 2471 poterit
1694 2421 1725 2458 si

399 2498 567 2534 multans
587 2498 634 2534 sit
653 2497 737 2546 plus
754 2496 912 2533 affectus
933 2495 1120 2544 peccunie
1142 2506 1259 2543 quam
1280 2493 1389 2530 saluti
1410 2493 1536 2529 anime
1565 2491 1724 2530 subiecti
1737 2506 1779 2536 30

400 2575 438 2607 et
459 2576 714 2619 purgamento
734 2568 841 2617 regni
861 2580 883 2604 a
903 2567 1072 2605 crimine.
1130 2566 1234 2603 Nam
1261 2565 1366 2602 aliter
1395 2564 1607 2602 simoniace
1637 2563 1728 2600 facit

403 2640 556 2684 furtum,
594 2645 632 2676 et
670 2639 822 2676 aliunde
860 2637 1026 2687 providit
1064 2650 1130 2674 rex
1169 2636 1306 2673 talibus
1345 2635 1423 2672 suis
1460 2634 1649 2672 officiariis
1688 2634 1728 2670 in

403 2711 693 2760 temporalibus,
728 2710 814 2747 licet
852 2710 955 2747 bona
993 2720 1207 2758 pauperum
1245 2707 1293 2744 ad
1332 2705 1546 2744 fomentum
1584 2704 1730 2754 peccati

447 2827 457 2846 ¹
482 2828 713 2864 cxordinafias,
731 2836 764 2858 A.
867 2825 879 2843 ²
903 2827 946 2857 ln
971 2825 1128 2867 infcriori
1150 2834 1253 2864 malg.
1278 2824 1381 2865 lcujus
1399 2823 1544 2863 paginae
1570 2833 1590 2852 a
1614 2821 1729 2862 prima

405 2891 508 2910 manu
533 2880 608 2910 hacc
631 2879 726 2910 verba
753 2879 875 2919 scm'pla
898 2882 997 2908 sunl:
1025 2877 1112 2908 Vasa
1136 2875 1225 2917 figuli
1250 2876 1366 2916 probat
1389 2875 1503 2906 fornax
1526 2879 1556 2905 ct
1580 2873 1729 2904 homines

406 2933 509 2962 iustos
525 2932 702 2971 temptacio
720 2929 954 2968 tribulacionis,
974 2937 1002 2959 Β.
