2018 3401
747 295 811 327 DE
844 294 1042 327 orFrcro
1073 294 1233 328 REGIS.
1877 295 1931 340 57

325 399 526 449 solempne
557 398 796 446 mandatum,
829 411 918 437 cum
950 399 989 437 in
1020 412 1060 437 re
1092 399 1183 437 dicit
1214 398 1339 448 legem
1376 398 1479 436 illam
1510 399 1654 436 nedum

324 483 410 508 esse
444 470 680 520 superfluam
714 470 782 508 sed
813 471 924 508 stulte
961 483 1007 508 ac
1042 470 1224 519 sacrilege
1257 469 1480 508 institutam.
1539 469 1655 507 Unde

106 541 277 582 Aristotle,
326 541 550 579 Aristoteles
574 538 670 594 [iii]0
696 541 861 590 capitulo
888 548 1123 579 secretorum
1148 541 1292 579 docens
1322 541 1523 590 quomodo
1554 541 1657 577 sama

104 585 312 662 {effi-Semel
326 612 428 662 regis
442 613 650 650 servabitur
665 624 734 662 per
750 613 1010 650 ostensionem
1020 624 1087 650 sue
1100 612 1291 662 sapiencie
1308 618 1422 660 atque
1432 611 1655 661 prudencie,

292 694 309 726 5
325 683 375 720 ita
406 683 558 720 scribit:
591 687 599 702 ‘
620 683 845 732 Quicumque
881 696 954 721 rex
991 686 1165 732 supponit
1199 695 1352 732 regnum
1388 696 1494 720 suum
1534 682 1656 719 divine

106 773 147 803 13
164 781 195 803 ο,
323 754 400 802 legi
428 754 563 803 dzgrnus
581 759 633 791 esl
657 767 813 803 regnare
834 759 868 791 et
891 755 1087 804 honorifice
1114 755 1339 792 dominari:
1364 753 1381 773 *
1413 755 1482 803 qui
1503 766 1587 791 vero
1615 754 1655 789 z’n

322 827 530 862 servitutem
580 826 718 874 redzgz'l
751 827 859 873 legem
897 838 1015 871 suam,
1056 826 1235 862 subiciens
1271 839 1348 862 eam
1387 839 1452 863 suo
1491 826 1654 873 impcrz'o,

321 900 578 944 transgressor
622 901 674 933 est
713 897 881 933 veritatis
918 901 952 933 et
987 901 1206 945 contemplor
1243 898 1400 946 proprie
1437 898 1527 944 legis
1546 911 1557 933 :
1590 895 1660 944 qui

88 983 104 991 f
321 971 440 1003 aulem
470 968 578 1016 legem
609 980 715 1004 suam
747 969 965 1016 conlempm'l
994 967 1040 1004 ab
1073 968 1238 1004 omnibus
1268 972 1545 1016 confempnclur,
1566 967 1654 1015 quia

271 1039 602 1087 10c0ndempncztus
640 1043 692 1075 est
728 1051 780 1076 ex
812 1040 885 1087 lege
907 1036 1037 1091 [sua].'
1095 1038 1224 1076 Prima
1247 1051 1335 1088 pars
1369 1046 1472 1088 patet
1503 1051 1550 1076 ex
1581 1037 1654 1075 hoc
1667 1045 1885 1105 Ξὲζῐινίἲὲηξρέῗὲ

322 1109 429 1157 quod
463 1122 530 1146 rex
564 1117 605 1146 ut
643 1110 696 1147 sic
736 1110 900 1159 acquirit
937 1109 1011 1147 Dei
1050 1109 1264 1147 amiciciam
1305 1116 1505 1159 tamquam
1544 1118 1894 1183 verusissssi‘li‘stgergfifg

321 1179 485 1217 vicarius
523 1180 605 1217 eius
643 1181 749 1229 quod
788 1180 876 1217 facit
914 1180 1113 1218 hominem
1146 1181 1341 1218 verissime
1376 1180 1578 1226 dominari,
1618 1181 1933 1250 etgjggdffigi‘gsbyffie

105 1255 308 1286 Fol.120b.
323 1251 492 1287 secunda
528 1263 618 1300 pars
656 1258 762 1300 patet
802 1264 849 1288 ex
880 1251 954 1288 hoc
984 1251 1089 1300 quod
1119 1258 1364 1300 contemptus
1394 1257 1450 1288 est
1485 1251 1601 1300 legis¹
1634 1249 1933 1314 *fffiitsseosisslisrfflffi

322 1322 508 1368 notorius,
530 1335 619 1359 cum
647 1322 733 1372 quis
755 1322 947 1371 obligatus
982 1322 1032 1359 ad
1066 1321 1192 1371 legem
1226 1322 1436 1359 incarcerat
1470 1322 1529 1359 vel
1562 1322 1653 1371 ligat
1667 1319 1895 1378 ffi‘l‘ssffigffi'ga

1668 1389 1754 1410 treats
1767 1385 1788 1411 it
1800 1395 1831 1411 as
1844 1387 1917 1413 dead

1667 1417 1705 1450 by
1718 1419 1883 1458 restraining
1897 1421 1933 1447 its

321 1475 487 1513 cumque
514 1476 580 1501 rex
610 1464 675 1513 qui
700 1464 826 1514 legem
857 1476 965 1501 suam
996 1463 1237 1513 suspendens
1271 1465 1388 1501 servis
1423 1465 1499 1501 suis
1529 1464 1652 1513 ipsam
1666 1452 1875 1514 ξζῗζζῖζῗξῑζη

1666 1527 1808 1551 servants;

322 1534 470 1579 subicit,
487 1535 540 1572 sic
557 1535 660 1584 quod
675 1547 754 1572 non
768 1535 908 1572 habeat
928 1534 1045 1572 libere
1062 1547 1219 1572 cursum
1241 1547 1364 1581 suum,
1382 1536 1504 1584 ipsam
1526 1535 1651 1584 legem
1665 1553 1717 1585 (iii)
1731 1554 1766 1579 he
1780 1555 1842 1581 who
1856 1555 1922 1581 ,hug

320 1605 360 1642 in
380 1605 598 1643 servitutem
619 1606 756 1655 redigit
775 1606 863 1655 quia
884 1618 1047 1655 persone
1067 1605 1126 1642 vel
1147 1606 1371 1643 comunitati
1402 1606 1535 1643 subicit
1556 1618 1595 1643 se
1616 1612 1653 1643 et
1666 1590 1871 1648 ἓῗῗηῑῗᾞῖἓὲῗ

320 1675 447 1725 legem
481 1677 612 1725 gracia
643 1678 752 1715 cuius
784 1677 937 1714 dimittit
971 1677 1108 1726 exequi
1146 1677 1285 1726 legem.
1343 1677 1484 1715 Tereia
1523 1685 1651 1715 autem
1666 1655 1933 1748 {Effi2{s(⁵2i'{dari¹1iixst

1699 1731 1744 1747 ere
1758 1732 1804 1748 Ore
1838 1733 1852 1748 Ε

268 1756 407 1796 zopars
438 1748 641 1785 verborum
673 1747 891 1797 philosophi
923 1761 970 1785 ex
1003 1748 1076 1786 hoc
1107 1754 1212 1797 patet
1242 1747 1347 1797 quod
1379 1760 1446 1785 rex
1480 1748 1531 1786 sic
1561 1760 1652 1786 con·
1666 1757 1910 1823 ffffiinssssssyas

319 1824 526 1867 tempnens
547 1818 673 1867 legem
693 1819 891 1869 propriam
912 1819 1151 1868 contempnit
1175 1819 1290 1856 deum
1312 1825 1427 1868 atque
1452 1831 1493 1856 se
1514 1820 1652 1869 ipsum.
1666 1823 1759 1888 ᾗιὲῐὲῑγ
1772 1824 1895 1883 (ἑξαετί-

319 1887 416 1926 Ideo
446 1902 605 1928 necesse
627 1897 683 1928 est
702 1890 807 1939 quod
834 1890 1141 1939 condempnatus
1162 1902 1184 1927 a
1204 1890 1289 1939 lege
1312 1899 1509 1940 tamquam
1537 1891 1651 1928 sacri-
1666 1890 1812 1949 2J1‘h09gh›
1824 1900 1855 1916 ³⁵

1665 1945 1670 1948 .
1701 1933 1792 1956 perior
1804 1932 1833 1951 to
1846 1925 1894 1950 the

321 1959 428 2008 legus
442 1972 463 1997 a
479 1960 540 1998 dei
560 1962 709 2011 populo
724 1968 1022 2011 contempnatur
1037 1960 1060 1998 ².
1091 1960 1349 2010 ‘Sacrilegus‚⁷
1366 1962 1466 2007 dico,
1481 1961 1571 2011 quia
1588 1962 1653 2011 qui
1666 1958 1896 2017 {aeffaffcmasseysin

1665 2025 1794 2057 dispense
1809 2025 1875 2051 with
1889 2025 1919 2056 it,

1665 2058 1699 2083 he
1713 2065 1785 2084 must
1799 2060 1905 2091 always

268 2118 305 2150 ²5
322 2100 408 2139 Deo
434 2108 471 2138 et
500 2115 633 2151 regno.
691 2102 777 2140 Rex
808 2104 923 2153 igitur
952 2103 1017 2152 qui
1046 2102 1160 2140 debet
1195 2103 1291 2140 scire
1321 2103 1445 2152 legem
1474 2115 1582 2140 suam
1615 2091 1930 2158 οῑῗζξξςξῇζάὴξξῗδοη

1638 2175 1650 2194 4
1665 2168 1692 2184 in
1706 2159 1791 2192 doing
1805 2168 1843 2186 so.

271 1407 307 1440 15
322 1404 407 1429 eam
429 1393 510 1430 sine
537 1393 632 1443 legis
658 1393 810 1431 defectu
836 1399 1033 1442 tamquam
1060 1400 1267 1430 mortuam.
1327 1393 1388 1430 Sic
1417 1400 1544 1430 autem
1570 1393 1653 1443 qui-

320 2030 457 2068 auffert
472 2032 748 2070 execucionem
766 2032 1075 2070 sacram³³entum
1092 2045 1113 2069 a
1129 2032 1214 2081 lege
1236 2044 1346 2070 sacra
1366 2033 1454 2070 facit
1475 2033 1649 2069 iniuriam

319 2172 401 2209 eius
431 2173 705 2212 execucionem
733 2186 815 2211 esse
843 2174 982 2211 iustam
1008 2180 1045 2211 ct
1071 2174 1345 2211 racionabilem
1376 2174 1625 2223 impediendo

320 2243 444 2292 ipsam
466 2243 555 2280 facit
588 2251 722 2282 contra
747 2244 876 2282 Deum
905 2250 943 2282 et
971 2236 1159 2294 populum
1188 2245 1388 2294 proprium
1416 2245 1482 2294 qui
1513 2245 1651 2283 exinde

104 2315 155 2345 M.
320 2312 479 2351 haberet
513 2314 658 2352 iusticie
693 2316 1032 2364 complementum.
1091 2315 1278 2362 Quamvis
1313 2322 1441 2352 autem
1474 2328 1541 2353 rex
1576 2316 1651 2353 dis-

319 2396 482 2433 pensare
521 2391 646 2434 potest
684 2386 722 2423 in
761 2398 851 2423 casu
893 2398 982 2424 curn
1029 2387 1262 2425 execucione
1309 2386 1404 2435 legis
1452 2394 1650 2437 tamquam

267 2470 308 2501 30
322 2456 496 2505 superior
516 2456 599 2506 lege
621 2469 688 2494 sua
706 2458 1083 2507 tamen⁵numquam
1098 2458 1169 2495 nisi
1185 2458 1362 2508 quando6
1383 2459 1649 2508 dispensabili-

320 2527 405 2565 tatis
440 2528 543 2565 racio
577 2528 651 2566 hoc
686 2528 852 2577 requirit,
884 2529 990 2566 aliter
1023 2529 1125 2566 enirn
1157 2529 1396 2578 multiplicari
1429 2538 1585 2579 possent
1610 2530 1649 2567 in

321 2609 443 2646 regno
464 2597 634 2636 facinora
654 2610 855 2648 quousque
877 2612 1099 2648 perversum
1120 2599 1228 2636 fuerit
1249 2601 1288 2636 in
1316 2600 1538 2649 speluncam
1559 2613 1648 2650 pro-

321 2667 489 2706 ditorum
509 2668 582 2707 Dei
603 2677 639 2707 et
660 2669 770 2719 regis.
828 2669 924 2707 Ideo
947 2670 1037 2708 dicit
1058 2670 1283 2708 Aristoteles
1306 2671 1370 2708 ubi
1396 2683 1511 2720 supra
1542 2671 1648 2721 quod

362 2777 371 2796 ¹
398 2778 478 2820 legis
501 2784 560 2819 est,
578 2788 608 2811 Β.
711 2779 724 2797 ²
747 2781 1013 2822 condempnatur,
1032 2789 1074 2819 Λ;
1098 2786 1355 2823 contempnatur,
1373 2789 1403 2820 B,
1429 2782 1466 2812 in
1491 2792 1594 2823 marg.
1613 2791 1646 2815 Α.

353 2840 477 2861 sacram
494 2835 573 2869 tum,
593 2839 623 2862 Β.
701 2831 711 2849 4
734 2833 939 2874 expediendo
969 2843 1043 2863 cum
1074 2843 1113 2863 cx
1144 2843 1236 2871 eras„
1269 2840 1308 2871 B3
1348 2833 1578 2875 impendendo,
1612 2842 1645 2866 Α.

319 2882 334 2918 ³,
353 2886 520 2925 tamquam
536 2887 601 2924 pro
616 2888 735 2923 tamen,
753 2892 786 2915 Α.
875 2885 887 2904 ⁶
909 2894 969 2916 om.
988 2885 1130 2924 quando,
1147 2893 1180 2916 Α.

318 2828 330 2846 3
