2018 3401
66 505 142 535 4d.

700 323 764 353 DE
797 322 991 354 OFFICIO
1026 321 1182 353 REGIS.

288 439 370 471 rex,
415 429 484 477 qui
508 429 547 464 z'n
570 427 824 477 temporalibus
853 432 905 463 esl
927 427 987 463 dez·
1008 429 1184 471 vicarius,
1212 427 1293 464 bene
1322 440 1357 463 se
1390 428 1495 464 habel
1520 441 1608 476 erga

291 497 310 517 *
332 500 442 544 deum,
458 500 541 536 deus
561 500 599 535 in
618 499 754 548 agendo
767 499 903 546 dir-2327
916 511 1006 535 eum.
1037 497 1201 547 Oportet
1221 510 1313 546 ergo
1335 498 1448 535 deum
1469 498 1610 536 habere

286 570 325 607 in
349 570 510 607 ecclesia
537 569 633 607 duos
662 569 832 614 vicarios,
860 569 1000 607 scilicet
1029 581 1160 618 regem
1195 569 1233 605 in
1268 569 1543 617 temporalibus
1574 575 1610 606 et

285 641 523 679 sacerdotem
545 640 584 676 in
605 640 872 688 spiritualibus
930 639 1015 676 Rex
1038 645 1163 676 autem
1187 639 1300 676 debet
1322 651 1450 676 severe
1474 639 1608 677 coher-

253 724 368 760 5cere
389 711 578 757 rebellem,
602 711 699 747 sicut
723 710 809 748 fecit
831 710 949 748 deitas
974 710 1013 746 in
1034 710 1147 747 veteri
1177 716 1420 747 testamento.
1479 709 1608 747 Sacer-

1836 328 1884 368 13

1624 508 1703 534 Thus
1717 509 1778 535 God
1794 515 1867 536 must

1623 542 1694 567 have
1708 549 1762 568 two
1775 544 1872 570 Vicars

1624 575 1650 600 in
1665 576 1712 601 the
1731 577 1854 609 Church,

1623 609 1670 634 the
1687 609 1762 641 King
1776 610 1802 635 in

1622 642 1716 674 things
1730 644 1875 675 temporal,

1622 676 1669 700 the
1683 675 1766 707 priest
1780 676 1806 701 in

1622 709 1716 741 things
1730 709 1866 741 spiritual.

1622 753 1682 778 The
1699 753 1775 785 King
1789 759 1861 779 must

66 790 225 820 F01.108
235 790 270 820 b.
284 782 354 820 dos
383 793 472 819 vero
495 780 512 800 *
532 781 646 818 debet
675 781 888 817 ministrare
909 787 1133 829 preceptum
1152 780 1232 817 miti
1252 780 1371 817 modo
1401 780 1608 816 humilibus
1621 787 1706 812 check
1721 787 1853 812 rebellion

283 859 457 901 tempore
478 852 571 901 legis
601 851 728 900 gracie
756 851 851 888 sicut
877 850 963 887 fecit
989 850 1207 888 humanitas
1229 849 1353 895 Cristi‚
1376 850 1459 899 qui¹
1495 850 1607 888 simul

284 923 351 960 fuit
384 936 449 960 rex
486 929 521 960 et
557 922 748 960 sacerdos.
803 921 853 957 Et
887 921 975 959 hinc
1008 921 1096 958 dicit
1128 921 1368 970 Augustinus
1402 920 1507 970 quod
1542 934 1605 958 rex

283 994 398 1031 habet
417 993 637 1042 ymaginem
660 990 740 1029 dei2
760 992 827 1029 sed
849 992 1052 1041 episcopus
1071 992 1294 1040 ymaginem
1310 991 1433 1035 Cristi‚
1456 998 1609 1040 propter

233 1084 272 1107 10
284 1064 533 1101 ministerium
553 1063 720 1100 indubie.
778 1062 861 1100 Nec
890 1069 946 1099 est
974 1062 1199 1111 fingendum
1224 1062 1477 1098 ministerium
1499 1061 1610 1098 huius

285 1133 501 1171 differencie
532 1133 735 1170 verborum
762 1132 833 1169 nisi
861 1132 964 1181 quod
992 1144 1055 1169 rex
1088 1132 1183 1180 gerit
1213 1131 1433 1179 ymaginem
1464 1130 1610 1167 deitatis

288 1203 413 1249 Cristi‚
436 1203 531 1241 sicut
552 1203 758 1252 episcopus
777 1202 996 1251 ymaginem
1018 1213 1085 1238 sue
1105 1201 1365 1237 humanitatis.
1422 1200 1471 1237 Et
1496 1212 1612 1249 super

70 1285 83 1310 1
100 1277 176 1310 Cor.
191 1277 232 1309 xi.
249 1275 363 1316 3.isto
384 1275 526 1324 pendet
553 1274 685 1322 regula
712 1273 924 1322 apostolica
945 1272 976 1308 ia
1001 1271 1090 1309 Cor.
1113 1271 1155 1308 ΚΒ
1177 1271 1223 1308 de
1245 1271 1425 1318 gradibus
1455 1269 1612 1307 honoris

285 1346 496 1384 tribuendis
534 1345 716 1382 membris
754 1343 925 1381 ecclesie.
992 1342 1085 1388 Volo,
1120 1341 1253 1390 inquit,
1290 1354 1351 1377 vos
1389 1342 1482 1376 ,πίνη
1520 1340 1618 1388 quod

234 1432 271 1464 15
285 1419 401 1455 onmis
434 1417 516 1454 viri
543 1419 654 1465 capul
677 1414 827 1452 Crz'ssus
845 1417 898 1450 esl
909 1427 927 1457 ,·
957 1413 1079 1462 capud
1107 1416 1223 1448 aulem
1245 1411 1410 1448 mulieris
1443 1414 1494 1448 est
1524 1412 1586 1447 vir
1601 1426 1614 1448 .-

332 1554 441 1585 Glossa
466 1552 625 1595 inferiori
640 1551 790 1591 mmgine
803 1549 866 1591 fol.
886 1561 904 1589 4
921 1551 944 1579 b
962 1559 981 1580 ο
998 1549 1114 1589 prima
1131 1558 1234 1578 manu
1251 1546 1533 1587 scripta—Super
1551 1546 1614 1577 hoc

285 1615 438 1647 processu
455 1615 495 1635 an
511 1603 680 1634 maioritas
695 1601 857 1633 sensibilis
873 1600 1099 1632 subdividatur
1109 1599 1287 1630 seeundum
1301 1599 1464 1629 racionem
1477 1598 1615 1638 duplici-

285 1662 388 1689 tatem
404 1656 557 1687 latentem
574 1655 606 1685 in
624 1654 732 1685 officio
749 1652 890 1684 clericali
907 1657 962 1682 aut
986 1651 1163 1682 secundum
1187 1649 1354 1690 duplicem
1377 1649 1550 1686 racionem,
1569 1649 1614 1680 sic

288 1707 376 1750 quod
400 1717 510 1739 earum
534 1717 597 1737 una
620 1706 659 1736 sit
683 1706 717 1736 in
741 1703 849 1735 officio
873 1702 1023 1740 clericali,
1052 1702 1118 1733 alia
1142 1701 1250 1732 officio
1274 1700 1399 1731 domini
1423 1700 1615 1741 temporalis

288 1757 518 1800 deputata‚hic
531 1761 664 1798 apparet
682 1757 746 1786 isto
762 1755 862 1785 modo
880 1752 1098 1795 respondendi
1115 1752 1294 1796 secundum
1312 1761 1441 1782 sensum
1458 1751 1611 1788 doctoris,

287 1810 376 1852 quod
400 1809 570 1840 maioritas
593 1807 755 1839 sensibilis
772 1806 870 1837 habet
885 1805 987 1836 dividi
1005 1804 1182 1835 secundum
1201 1803 1368 1843 duplicem
1384 1802 1549 1834 racionem
1566 1802 1613 1832 in-

288 1866 383 1893 venta
413 1862 445 1892 in
477 1860 612 1891 diversis
651 1859 774 1890 officiis.
844 1857 932 1888 Nam
973 1856 1078 1886 honor
1116 1855 1271 1896 inpensus
1304 1854 1440 1885 seculari
1479 1853 1613 1885 domino

287 1912 439 1944 fundatur
454 1922 550 1952 super
566 1911 703 1942 seculari
719 1908 877 1944 dominio,
890 1908 946 1939 sed
963 1908 1068 1938 honor
1080 1906 1268 1938 tribuendus
1285 1904 1444 1936 sacerdoti
1462 1905 1614 1936 fundatur

286 1965 320 1995 in
336 1964 518 1995 virtutibus.

331 2016 481 2056 Apparet
504 2020 612 2045 autem
635 2024 673 2045 ex
696 2013 795 2044 dictis
818 2011 911 2042 istius
934 2010 1072 2048 domini,
1090 2008 1179 2050 quod
1202 2019 1266 2039 non
1290 2013 1338 2039 est
1361 2008 1466 2038 honor
1489 2008 1613 2049 impen-

288 2067 412 2098 dendus
428 2067 546 2098 saltem
563 2065 724 2097 sacerdoti
740 2063 911 2098 sensibilis,
927 2067 958 2094 et
975 2067 1009 2093 ut
1027 2061 1153 2092 videtur
1169 2061 1273 2091 innuit
1290 2060 1378 2101 quod
1394 2059 1563 2100 dignitatis
1579 2060 1612 2090 in

290 2118 414 2150 Christi
438 2116 590 2159 pontifice
613 2127 676 2148 non
700 2121 748 2147 est
773 2115 877 2146 maior
900 2124 999 2154 quam
1022 2114 1054 2143 in
1078 2122 1163 2153 rege,
1187 2112 1265 2142 dato
1289 2110 1377 2152 quod
1397 2111 1438 2141 sit
1462 2110 1612 2142 sacerdos

290 2180 417 2202 cesaree
444 2169 576 2200 dotatus
598 2174 654 2199 aut
677 2178 743 2198 non
767 2170 971 2198 contentetur
994 2175 1067 2195 cum
1091 2164 1214 2194 honore
1237 2162 1393 2194 sensibili.
1452 2162 1514 2192 Pro
1541 2162 1613 2192 istis

289 2222 472 2253 notandum
488 2221 575 2261 quod
592 2219 707 2251 doctor
730 2229 795 2249 non
820 2217 958 2248 intendit
982 2216 1059 2257 quin
1085 2216 1190 2246 honor
1213 2214 1374 2245 sensibilis
1390 2213 1613 2244 sacerdotibus

289 2279 338 2306 est
375 2274 452 2304 satis
490 2273 571 2303 bene
610 2269 807 2307 tribuendus,
840 2267 1069 2310 presupposita
1100 2265 1242 2307 tam[en]
1275 2265 1401 2295 virtute.
1465 2264 1506 2295 Et
1537 2264 1612 2295 ideo

290 2324 421 2367 quando
438 2323 557 2354 dicitur
573 2333 593 2353 a
608 2321 742 2352 doctore
759 2320 846 2361 quod
865 2318 1014 2350 sacerdos
1031 2317 1273 2349 contentabitur
1288 2316 1328 2346 de
1345 2315 1489 2346 secundo
1512 2315 1613 2345 modo

290 2375 433 2412 honoris,
460 2373 674 2415 despicienter
701 2373 733 2403 in
762 2382 794 2403 se
822 2371 974 2412 primum,
1004 2369 1163 2401 secundus
1186 2368 1305 2398 modus
1328 2367 1461 2398 honoris
1485 2366 1525 2397 de
1548 2376 1613 2407 quo

290 2427 434 2468 loquitur
449 2431 496 2457 est
514 2425 630 2456 modus
647 2424 779 2455 honoris
797 2422 969 2460 sensibilis,
986 2421 1018 2451 in
1036 2420 1209 2451 virtutibus
1225 2424 1332 2450 tamen
1350 2418 1511 2449 fundatus.
1572 2418 1614 2448 Et

291 2478 414 2520 primus
428 2477 546 2509 modus
561 2476 695 2507 honoris
710 2476 750 2506 de
762 2486 828 2516 quo
844 2474 889 2505 ibi
907 2474 942 2504 fit
964 2472 1092 2504 mencio
1109 2476 1156 2503 est
1172 2471 1289 2501 modus
1304 2470 1437 2500 honoris
1453 2469 1614 2500 sensibilis

291 2531 324 2561 in
342 2529 477 2561 domino
493 2528 628 2560 seculari
653 2527 813 2558 fundatus.
854 2525 951 2566 Quod
969 2524 995 2555 si
1019 2524 1133 2555 doctor
1149 2522 1313 2563 intelligat
1330 2521 1435 2552 solum
1458 2521 1613 2551 honorem

291 2582 478 2613 sensibilem
502 2579 723 2612 sacerdotibus
747 2577 988 2619 inpendentium
1005 2581 1087 2607 esset
1105 2573 1368 2615 cognoscendum
1394 2573 1425 2603 in
1450 2582 1516 2613 quo
1539 2582 1614 2603 con-

292 2635 418 2665 sisteret
439 2633 495 2663 ille
516 2632 621 2663 honor
641 2630 849 2662 insensibilis.
898 2628 939 2658 Et
957 2628 1038 2659 foret
1055 2626 1206 2657 mirabile
1223 2625 1367 2665 aliquem
1389 2623 1471 2654 velle
1495 2622 1612 2659 dicere,

292 2684 382 2727 quod
410 2684 552 2725 dignitas
575 2681 783 2714 sacerdotalis
808 2690 873 2711 non
896 2683 978 2711 esset
1002 2679 1108 2708 maior
1132 2678 1163 2707 in
1187 2676 1327 2718 prescito
1351 2684 1448 2716 quam
1472 2673 1616 2713 dignitas

293 2742 417 2769 terrena
433 2741 488 2766 aut
504 2735 657 2766 secularis
673 2734 704 2764 in
721 2732 951 2774 predestinato,
969 2740 1041 2761 cum
1059 2729 1204 2770 dignitas
1220 2726 1403 2768 apostolica
1420 2726 1452 2756 in
1468 2725 1552 2756 Iuda
1568 2730 1616 2755 est

292 2789 397 2820 maior
412 2797 510 2829 quam
527 2787 670 2827 dignitas
685 2784 838 2816 secularis
855 2783 886 2814 in
905 2782 1014 2814 David
1031 2781 1203 2812 Iudeorum
1220 2789 1304 2819 rege.

550 2891 561 2911 ¹
585 2901 646 2931 que
663 2895 726 2932 pro
741 2889 806 2929 qui,
825 2895 857 2918 Α.
947 2887 958 2903 ²
981 2885 1043 2923 dei,
1061 2895 1120 2915 om.
1138 2893 1170 2915 Α.
1261 2882 1272 2898 ³¹
1301 2888 1362 2911 11⁰.

1622 820 1755 852 severely,
1771 829 1801 845 as
1815 820 1878 846 God

1622 853 1669 879 did
1685 853 1711 878 in
1726 854 1773 878 the
1788 854 1844 879 Old

1621 887 1792 918 Testament‚
1805 896 1822 912 a

1620 919 1704 951 priest
1719 920 1844 945 minister

1621 953 1648 978 in
1662 954 1821 985 gentleness

1621 987 1692 1012 aster
1705 987 1752 1012 the
1766 995 1867 1012 manne

1624 1021 1655 1045 os
1665 1020 1768 1046 Christ.

1623 1064 1684 1089 The
1700 1063 1777 1096 King
1790 1063 1872 1089 bears

1623 1098 1670 1123 the
1684 1097 1774 1129 image
1794 1097 1826 1123 of

1624 1131 1741 1156 Christ's
1755 1131 1829 1156 God-

1624 1164 1704 1195 head=
1719 1164 1765 1189 the
1779 1163 1864 1196 priest

1624 1198 1655 1223 of
1667 1197 1721 1224 His
1734 1197 1884 1223 manhood.
