2018 3401
121 289 204 330 260
820 299 883 330 DE
917 300 1112 332 orricto
1147 299 1296 331 mors.

114 408 383 476 &gssffiwijptigipe
397 402 523 441 lorum
554 403 601 441 de
633 404 900 453 corporalibus
939 404 1158 443 elemosinis
1189 404 1429 451 secularium,
1463 415 1561 454 quos
1595 404 1666 454 ipsi
1700 415 1721 442 e

112 476 260 503 tualoncs.
395 481 530 512 contra
563 475 822 524 spiritualibus
856 475 1075 514 elemosinis
1101 482 1306 526 procurent
1319 475 1342 514 ¹.
1393 475 1493 513 Cum
1514 487 1605 524 ergo
1626 475 1723 512 ordo

394 544 541 582 domini
576 545 762 583 diabolice
792 558 993 595 perversus
1027 546 1147 592 fuerit,
1179 559 1259 584 non
1293 546 1433 583 mirum
1462 545 1492 583 si
1522 545 1723 591 seculares,

394 623 472 653 tam
501 616 759 665 multipliciter
792 617 952 662 seducti,
983 618 1197 655 inordinate
1227 616 1570 666 circumpalpitant,
1601 622 1637 654 et
1666 616 1723 652 in-

394 688 552 724 ducatur
572 688 610 723 in
631 694 712 725 toto
733 700 895 737 corpore
915 688 1078 726 ecclesie
1097 689 1287 726 discrasia.
1337 687 1414 725 Ubi
1435 688 1538 725 enim
1560 698 1721 736 regnum
1737 707 1755 739 5

393 758 482 795 cleri
517 771 598 796 non
633 758 730 796 foret
769 759 816 796 de
856 759 931 797 hoc
966 759 1114 797 mundo
1152 760 1370 809 cuicunque
1408 758 1509 796 civili
1547 758 1723 796 dominio

393 837 698 867 consentaneum
736 830 854 867 instar
893 830 1015 876 Cristi,
1046 837 1102 867 est
1138 843 1159 868 e
1197 836 1332 868 contra
1369 830 1417 867 de
1455 830 1529 868 hoc
1576 828 1724 866 mundo

392 899 871 949 profundissime‚dirrecte
881 901 1115 938 contrarium
1132 901 1313 939 dominiis
1330 901 1556 938 secularium
1572 900 1724 938 domin-

112 978 173 1004 The
188 979 282 1011 clergy
295 988 355 1011 per·
396 983 519 1008 orum.
577 971 655 1008 Ubi
676 971 799 1009 eciam
820 970 942 1009 foret2
962 972 1051 1009 cleri
1073 972 1196 1010 maior
1216 972 1443 1010 obediencia
1463 971 1512 1009 ad
1532 971 1724 1009 seculares

109 1019 169 1038 ve‘rt
185 1012 239 1037 this
259 1014 340 1038 order

112 1042 574 1112 glfatifflfflgffissfgdominos
613 1054 729 1092 quam
763 1055 783 1079 e
823 1049 956 1080 contra
995 1050 1271 1093 pervertuntur,
1306 1050 1516 1081 statuentes
1553 1043 1724 1093 porisma
1739 1058 1779 1080 10

393 1112 535 1150 luciferi
557 1113 663 1162 quod
684 1126 731 1150 ex
753 1114 1018 1163 magnitudine
1049 1126 1115 1152 sue
1145 1115 1379 1152 auctoritatis
1409 1121 1524 1164 atque
1545 1114 1723 1164 potencie

392 1184 482 1221 nulli
514 1184 671 1221 obedire
706 1185 884 1230 debeant,
916 1192 956 1222 ut
986 1185 1142 1223 domini.
1201 1185 1279 1222 Ubi
1310 1186 1434 1223 eciam
1465 1185 1739 1240 ministrarent·

392 1254 583 1292 humiliter
621 1256 727 1293 omni
766 1268 906 1305 genere
946 1256 1099 1302 servicii,
1133 1262 1171 1294 et
1205 1256 1415 1306 specialiter
1449 1257 1487 1293 in
1526 1256 1724 1294 fructuoso

393 1326 539 1364 semine
577 1327 682 1363 verbi
722 1326 794 1373 dei,
836 1327 967 1364 dicunt
1006 1327 1198 1376 implicite,
1240 1327 1345 1377 quod
1392 1327 1564 1376 dignitati
1603 1333 1723 1364 status

393 1409 526 1434 eorum
566 1404 603 1434 et
640 1398 764 1446 gestui
805 1399 1116 1436 conversacionis
1163 1398 1368 1448 magnifice
1406 1398 1619 1447 repugnat3
1657 1410 1723 1435 eos
1740 1409 1776 1440 15

393 1476 605 1517 occupatos
635 1470 736 1506 circa
767 1469 856 1506 talia
885 1470 1006 1507 taliter
1034 1470 1260 1507 ministrare.
1318 1469 1482 1519 Oportet
1511 1482 1605 1518 ergo
1644 1476 1722 1506 tam
1735 1479 1780 1509 V.

110 1551 303 1611 Theologissns
316 1551 383 1611 wiigh
396 1540 586 1578 contraria
607 1540 645 1577 in
666 1541 872 1578 visceribus
901 1547 979 1577 tam
1009 1553 1124 1589 parve
1154 1541 1313 1578 ecclesie
1343 1553 1567 1590 repugnare,
1588 1547 1625 1578 et
1645 1547 1722 1577 tam

114 1596 130 1612 a
145 1596 245 1619 proper
269 1595 316 1611 ear
329 1595 345 1611 o

111 1620 380 1679 fggexffiglgffiegh
395 1612 585 1649 contraria
601 1618 679 1649 tam
701 1624 783 1649 sese
804 1623 922 1660 quam
943 1611 1167 1649 altrinsecus
1185 1612 1366 1661 sacrilege
1383 1612 1560 1661 spoliare.
1590 1611 1724 1649 Theo-

111 1688 183 1713 srom
196 1687 264 1713 such
277 1687 356 1713 evils.
392 1681 504 1730 logus
524 1694 616 1731 ergo
637 1683 675 1718 in
696 1695 776 1732 quo
792 1682 888 1720 foret
904 1682 1026 1720 filialis
1043 1682 1156 1720 timor
1173 1682 1319 1720 domini
1341 1682 1533 1732 detegeret
1549 1683 1722 1720 animose

393 1764 547 1790 causam
579 1753 691 1790 huius
720 1754 1002 1802 persecucionis
1031 1759 1068 1791 et
1104 1753 1362 1791 tribulacionis
1399 1754 1531 1791 matris
1565 1753 1723 1791 ecclesie
1738 1771 1779 1793 20

393 1835 441 1860 ne
457 1823 598 1861 incidat
613 1825 651 1861 in
673 1825 1021 1873 prevaricacionem
1044 1825 1154 1875 primi
1169 1826 1181 1845 ‘¹
1202 1825 1372 1862 mandati
1393 1824 1560 1862 secunde
1584 1824 1723 1862 tabule.

394 1893 494 1931 Cum
525 1894 629 1931 enirn
659 1895 839 1933 dominus
869 1895 1118 1932 dominorum
1148 1902 1226 1932 tarn
1261 1908 1348 1933 care
1384 1896 1504 1944 diligit
1538 1907 1723 1945 sponsam

111 1977 358 2038 ¹{³‘,³⁵⁵²³d“ssat
394 1976 502 2002 suam
535 1965 751 2011 ecclesiam,
784 1973 887 2015 patet
921 1966 1026 2015 quod
1061 1979 1141 2003 non
1176 1966 1369 2004 efficacius
1404 1966 1663 2016 acquireretur
1702 1979 1783 2013 a53
1802 1983 1837 2013 b,

112 2017 122 2036 t
147 2022 160 2037 e
185 2022 236 2038 ove
250 2018 278 2037 to
298 2018 307 2037 t
331 2022 345 2038 e

111 2045 258 2111 ξζξὲἓὴίῑέ
271 2046 326 2105 idtiss'
392 2035 568 2073 fidelibus
581 2048 690 2074 arnor
706 2037 848 2086 sponsi.
912 2036 962 2074 Et
977 2038 1006 2074 si
1023 2037 1169 2074 dicatur
1190 2038 1293 2087 quod
1314 2049 1422 2075 amor
1443 2045 1573 2074 sancte
1593 2038 1725 2075 matris

112 2114 323 2171 ssssgfflssfgffiffi‘t
392 2107 552 2144 ecclesie
574 2114 644 2145 stat
671 2108 709 2144 in
738 2108 988 2146 sanctorum⁵
1015 2109 1220 2147 dotacione
1250 2116 1286 2146 et
1302 2109 1314 2128 ⁶
1337 2109 1495 2146 seculari
1526 2109 1722 2158 privilega-
1738 2126 1777 2158 25

111 2179 327 2228 zeplythatthe
392 2178 514 2224 cione‚
554 2179 661 2217 sicud
704 2179 812 2228 pueri
855 2179 1062 2217 effeminati
1099 2180 1188 2217 cleri
1228 2180 1410 2229 prepositi
1449 2187 1722 2227 contestantur,

113 2213 263 2250 Judgment
277 2213 371 2239 osone

112 2247 368 2306 ffisadfgeirsfflfflo
393 2248 527 2286 dicitur
542 2250 650 2299 quod
671 2249 888 2288 febricitans
909 2262 988 2288 non
1009 2257 1066 2288 est
1082 2251 1207 2288 bonus
1224 2251 1338 2288 iudex
1360 2251 1398 2287 in
1419 2251 1614 2289 esibilibus
1631 2263 1724 2289 con-

114 2313 149 2338 be
165 2313 302 2339 ‘⁰¹¹⁰Wed·
394 2320 638 2357 cernentibus
667 2321 967 2370 congruenciam
996 2322 1052 2359 sui
1079 2322 1285 2370 regiminis,
1309 2322 1375 2359 sed
1397 2328 1548 2371 oportet
1571 2322 1725 2359 credere

114 2394 359 2454 {vifrfftussigoiliissv
395 2391 520 2428 verbis
541 2398 578 2428 et
598 2391 672 2428 vite
693 2391 731 2428 in
752 2391 878 2429 Cristo
900 2399 935 2429 et
957 2393 1035 2429 suis
1055 2392 1253 2442 apostolis,
1276 2405 1375 2442 quos
1395 2399 1545 2442 oportet
1570 2393 1724 2430 credere

115 2462 256 2494 Apostles·
395 2461 510 2498 fuisse
541 2461 640 2499 viros
672 2462 904 2508 sanissimos,
926 2463 1123 2512 re*gimen
1155 2464 1279 2500 tocius
1307 2463 1466 2501 ecclesie
1495 2476 1542 2501 ex
1574 2476 1724 2501 summa
1737 2473 1939 2505 Fol 176b.

395 2533 588 2582 sapiencia
602 2533 837 2571 ordinantes.
893 2534 942 2571 Et
958 2535 1062 2572 iuxta
1076 2534 1175 2573 hanc
1192 2535 1307 2572 fidem
1324 2535 1387 2572 filii
1409 2536 1467 2573 dei
1489 2543 1641 2584 oportet
1662 2536 1722 2573 dei

395 2604 589 2641 adiutores
616 2615 710 2649 esse,
734 2604 904 2642 securius
931 2613 1143 2654 operantes.
1208 2605 1394 2650 Quamvis
1414 2606 1517 2642 enim
1538 2606 1723 2644 debemus

394 2674 572 2711 inimicos
589 2674 756 2723 diligere,
769 2675 889 2712 eciam
911 2677 1085 2713 membra
1105 2675 1258 2723 diaboli,
1274 2684 1404 2713 tamen
1424 2676 1514 2713 illud
1536 2676 1724 2715 debemus

397 2751 617 2781 constanter
637 2746 776 2794 exequi
799 2751 952 2794 propter
972 2758 1145 2784 amorem
1166 2746 1278 2784 Cristi
1298 2753 1334 2783 et
1359 2758 1426 2784 sue
1446 2747 1618 2785 ecclesie.

442 2835 453 2852 ¹
477 2841 695 2877 procurerent,
712 2844 742 2868 Β.
826 2835 838 2853 ²
861 2836 949 2868 fieret
965 2842 1030 2878 pro
1046 2836 1136 2874 foret,
1154 2845 1184 2868 Β.
1278 2837 1289 2855 ³
1313 2844 1521 2879 repugnatos,
1537 2846 1572 2871 A.
1639 2839 1649 2856 ⁴
1665 2850 1724 2881 pa·

398 2886 495 2924 trimi,
516 2895 548 2918 Α.
655 2887 666 2903 ⁵
690 2892 865 2919 stercorum
888 2892 948 2929 pro
965 2893 1161 2927 sanctorum,
1180 2896 1208 2920 Β.
1313 2890 1325 2907 ⁰
1347 2890 1379 2920 in
1397 2894 1461 2930 pro
1477 2895 1518 2929 et,
1537 2899 1570 2922 A.
