2018 3401
135 314 188 367 76
836 322 901 354 DE
932 322 1128 355 OFFICIO
1161 321 1316 354 REGIS.

411 435 563 479 oportet
592 428 632 465 in
664 428 743 465 istis
777 428 972 465 attendere
1012 427 1106 477 quid
1137 427 1278 465 directe
1316 433 1354 465 et
1387 427 1425 464 in
1460 426 1597 464 maiori
1630 433 1737 476 parte

409 513 456 538 ex
496 500 597 537 sacto
637 499 701 537 tali
740 499 901 548 contigit
937 505 974 536 et
1012 499 1163 536 attentis
1201 498 1503 536 circumstanciis
1540 498 1617 534 iam
1654 509 1738 534 cur-

409 571 580 609 rentibus
609 570 856 620 probabiliter
885 570 1021 607 melius
1058 570 1238 616 iudicare,
1269 569 1374 606 aliter
1403 569 1507 606 enim
1537 580 1738 617 nunquam

409 649 563 692 propter
596 641 728 691 culpas
759 641 984 679 clericorum
1013 642 1171 679 fuissent
1200 642 1239 678 in
1268 640 1575 691 possessionibus
1604 652 1738 677 eorum

409 712 591 750 monaehi
621 720 658 749 et
687 713 863 750 canonici
892 712 1107 751 introducti.
1162 712 1346 749 Attendat
1374 724 1468 760 ergo
1495 712 1548 749 sic
1573 722 1770 760 arguens5

411 785 441 822 si
476 785 601 834 plures
640 785 732 822 boni
770 792 944 834 pastores
980 785 1019 822 in
1058 785 1354 834 comparacione
1388 784 1436 821 ad
1474 791 1627 833 tempus
1659 783 1740 820 sine

130 864 361 931 gssssffffgsssrffian
411 855 654 893 institucione
693 855 790 893 illius
829 857 932 894 curie
971 862 1250 906 processerunt,
1285 855 1343 893 vel
1378 856 1408 893 si
1443 855 1532 893 boni
1567 861 1740 904 pastores

130 932 236 959 sulted-
411 926 554 964 habent
585 939 694 965 suam
718 927 908 964 iusticiam
938 940 960 965 a
991 927 1096 965 scola
1125 927 1222 964 illius
1252 927 1354 964 curie
1384 933 1582 975 tamquam
1607 938 1676 975 per
1700 937 1739 962 se

410 996 561 1043 causa‚*
584 998 643 1035 vel
664 999 780 1036 tercio
801 998 833 1035 si
854 1011 933 1036 non
957 998 1194 1036 manifestius
1215 998 1359 1035 malum
1386 1009 1433 1034 ex
1458 997 1522 1034 illa
1551 997 1736 1046 provenit.
1753 1004 1960 1034 F01.125b.

131 1082 194 1142 {he
209 1083 329 1142 Rpmanb
411 1069 644 1107 Conceditur
665 1077 793 1107 tamen
814 1069 920 1119 quod
939 1070 1175 1108 honoranter
1195 1068 1457 1106 obediendum
1478 1075 1534 1105 est
1553 1068 1605 1104 illi
1625 1068 1741 1114 curie,
1757 1081 1796 1103 10

158 1123 221 1142 ourt
235 1126 258 1142 15
271 1123 299 1143 to
332 1126 346 1142 e

131 1150 352 1210 ξὲῗῗὲτζὲφυι
409 1141 531 1178 eciam
559 1141 590 1178 si
614 1140 700 1178 fons
730 1141 791 1178 ille
812 1153 942 1179 versus
972 1140 1105 1178 fuerit1
1126 1140 1165 1177 in
1196 1140 1411 1177 cisternam.
1470 1139 1546 1177 Sed
1576 1151 1655 1176 non
1685 1145 1742 1177 est

131 1217 349 1277 ‘c'gssssgsieffessss‘rh
411 1212 640 1262 occupanda
667 1225 734 1261 per
761 1225 895 1250 causas
919 1212 1103 1262 profanas
1124 1212 1173 1249 ad
1200 1211 1493 1249 enervacionem
1521 1222 1740 1260 regnorum,

130 1285 380 1352 {fiss‘ssegffiffi‘sse‘
411 1296 485 1334 que
519 1296 632 1321 cause
666 1291 871 1333 potuerunt
903 1291 939 1321 et
970 1284 1153 1321 deberent
1184 1283 1280 1321 infra
1314 1295 1435 1332 regna
1468 1282 1742 1331 expediencius

130 1352 347 1419 ξζζξεξὲζῖᾓῑὲῑῇ
411 1355 616 1393 terminari.
695 1354 733 1392 Si
779 1362 907 1393 autem
948 1356 1050 1392 iuvat
1093 1355 1131 1392 in
1176 1355 1259 1392 aliis
1303 1354 1427 1392 causis
1469 1352 1580 1404 plus²
1613 1354 1741 1390 arduis

132 1420 312 1446 fifflstfflffiS·
412 1434 469 1464 est
505 1426 708 1464 laudanda.
780 1426 863 1464 Nec
903 1427 1001 1464 valet
1039 1427 1153 1464 tercia
1192 1426 1302 1463 ficcio
1342 1438 1417 1475 qua
1455 1425 1592 1462 dicitur
1633 1425 1738 1474 quod
1758 1435 1793 1467 15

411 1498 580 1547 theologi
602 1497 836 1548 quandoque
864 1498 948 1547 plus
975 1498 1110 1535 ceteris
1139 1497 1360 1535 discolisant
1390 1509 1477 1534 cum
1509 1508 1596 1546 sepe
1617 1496 1742 1533 clerici

132 1572 310 1638 ffilgffioffgffis
411 1570 579 1619 promoti
622 1582 689 1619 per
726 1582 837 1618 reges
876 1576 963 1607 sunt
1002 1569 1082 1607 eis3
1121 1569 1308 1606 meliores,
1381 1567 1474 1605 Non
1513 1580 1606 1617 ergo
1645 1567 1744 1604 valet

131 1639 349 1706 ᾒῗέὲῗθξῗζέῃῑδ
412 1642 571 1679 limitare
604 1642 877 1691 promociones
903 1641 1122 1679 huiusmodi
1144 1641 1193 1678 ad
1215 1640 1338 1678 solum
1360 1639 1576 1689 theologos.
1635 1638 1744 1676 Patet

132 1712 390 1767 {grssgffiffgffffsssst
412 1712 518 1762 quod
538 1713 569 1750 si
589 1712 786 1750 evidencia
806 1713 877 1750 ista
896 1718 1077 1758 moveret,
1098 1724 1312 1761 numquam
1343 1717 1620 1760 preponeretur
1645 1721 1743 1746 unus

132 1775 277 1807 expec‘ed·
412 1790 531 1821 status
557 1784 675 1831 alteri⁷
706 1796 753 1821 eo
789 1783 894 1833 quod
929 1784 976 1821 de
1009 1791 1108 1821 statu
1136 1783 1259 1820 altiori
1289 1782 1525 1832 quandoque
1554 1781 1798 1830 contingitzo

413 1855 502 1893 oriri
535 1861 743 1904 apostotas.
801 1853 947 1892 Ymmo
981 1855 1028 1892 de
1065 1862 1164 1891 statu
1202 1854 1324 1891 altiori
1356 1853 1525 1898 vertibili,
1559 1853 1655 1890 sicut
1689 1852 1743 1889 eis

413 1927 602 1964 stantibus
621 1925 732 1963 fuerit
752 1926 836 1975 plus
857 1926 1009 1972 strenui,
1028 1926 1080 1963 sic
1102 1925 1211 1962 fuerit
1232 1925 1286 1962 eis
1308 1924 1628 1973 degenerantibus
1658 1923 1744 1972 plus

412 1997 589 2048 perversi.
666 1996 758 2035 Non
806 2003 935 2034 tamen
982 2005 1186 2046 propterea
1234 1995 1346 2032 debet
1393 1995 1575 2044 postponi
1623 2000 1745 2031 status

412 2069 590 2106 humilior
629 2069 676 2106 ad
716 2068 939 2118 regendum.
995 2067 1045 2105 Et
1080 2068 1133 2105 sic
1172 2066 1346 2104 concedo
1381 2066 1486 2116 quod
1522 2066 1568 2103 de
1600 2065 1744 2103 clericis

413 2141 514 2190 regis
546 2140 733 2189 contingit
766 2152 848 2177 esse
878 2139 1027 2189 pugiles
1056 2139 1245 2188 gloriosos
1274 2138 1370 2175 sicut
1399 2144 1503 2187 patet
1532 2137 1579 2174 de
1610 2145 1742 2175 sancto
1758 2149 1795 2181 25

134 2212 361 2273 Ξζξῖῖᾗῑὲξέξὲᾶἰ
416 2212 585 2250 Thoma.
644 2211 720 2249 Sed
753 2217 860 2250 notet
886 2211 1006 2248 fidelis
1033 2211 1137 2261 quod
1167 2223 1246 2248 non
1280 2222 1398 2259 penes
1426 2208 1742 2258 multiplicitatem
1756 2216 1797 2245 L.

135 2280 286 2340 ῐξζξξςῑζζεξ
299 2314 337 2347 by
415 2283 683 2333 temporalium
715 2283 772 2320 vel
800 2283 1093 2332 prosperitatem
1120 2282 1370 2328 mundanam,
1393 2281 1459 2319 sed
1488 2292 1608 2330 penes
1636 2279 1741 2317 edifi-

135 2348 261 2380 spiritual
275 2357 369 2380 power

136 2382 169 2407 of
177 2381 350 2420 co-nversion.

137 2415 390 2481 Ξῖζῖζζξοξζξζζξξ
416 2425 591 2463 doctrina
610 2425 703 2473 legis
721 2425 844 2470 Cristi,
862 2434 1054 2463 mensuret
1076 2425 1257 2474 prepositi
1274 2424 1514 2474 probitatem,
1532 2422 1638 2472 quod
1654 2434 1745 2471 sepe

137 2483 194 2509 and
207 2483 368 2516 sorergners.

417 2355 613 2392 cacionem
654 2354 887 2403 spiritualem
926 2354 1187 2391 convertendo
1226 2353 1397 2391 subditos
1436 2365 1458 2389 a
1496 2351 1661 2401 peccatis
1695 2364 1742 2388 ex

417 2496 541 2534 evenit
567 2496 614 2533 de
639 2496 832 2544 indigenis
863 2496 986 2533 eciam
1015 2496 1164 2544 ydiotiS,
1195 2502 1232 2533 et
1260 2507 1351 2545 sepe
1381 2495 1428 2531 de
1455 2493 1681 2542 alienigenis
1705 2500 1744 2530 ut
1758 2504 1799 2534 30

416 2574 520 2618 patet
545 2567 590 2604 de
607 2566 823 2604 Anshelmo
843 2574 879 2604 et
901 2566 1072 2616 Hugone
1094 2574 1130 2604 et
1155 2568 1298 2605 ceteris.
1347 2567 1398 2604 Et
1417 2566 1504 2603 ideo
1525 2572 1581 2603 est
1602 2565 1746 2602 licitum

416 2646 529 2688 atque
563 2638 772 2688 expediens
805 2638 1018 2676 secundum
1049 2639 1311 2676 intencionem
1339 2646 1481 2675 rectam
1513 2644 1626 2687 atque
1656 2648 1745 2685 pro-

417 2710 583 2747 babilem
622 2709 821 2747 alternare.
895 2708 1000 2747 Ymo
1036 2717 1074 2747 ut
1108 2710 1224 2748 credo
1263 2710 1357 2747 deus
1399 2709 1486 2746 ideo
1529 2715 1607 2746 tam
1645 2708 1746 2745 varie

418 2781 588 2830 disponit
609 2781 825 2830 prepositos
854 2787 894 2818 ut
924 2793 1207 2830 cognoscamus
1227 2792 1306 2818 non
1332 2793 1378 2818 ex
1409 2787 1527 2817 status
1552 2779 1746 2828 dignitate,

464 2877 473 2895 ¹
498 2878 592 2909 suerit
615 2889 735 2917 versus,
760 2886 790 2910 Β.
856 2877 868 2895 ²
891 2889 988 2920 quam
998 2883 1073 2920 post
1088 2878 1174 2920 plus,
1190 2878 1265 2910 add.
1283 2886 1328 2917 A3
1351 2888 1450 2919 quam
1472 2878 1699 2915 cancellatum,
1716 2883 1747 2907 B.

420 2929 431 2947 ³
457 2930 541 2969 aliis,
559 2939 603 2968 A;
627 2930 685 2969 eis,
702 2941 740 2961 m
758 2941 862 2971 marg.
880 2930 1003 2968 ceteris,
1022 2939 1051 2961 B.
