2018 3401
154 326 235 357 222
844 324 908 355 DE
940 324 1136 357 OFFICIO
1168 323 1326 357 REGIS.

154 440 191 472 (2)
206 439 298 467 christ
308 447 422 472 gaveus
435 429 634 468 conclusio
654 441 700 466 ex
728 429 802 468 hoc
827 429 932 480 quod
962 429 1091 479 legifer
1120 437 1253 468 noster
1282 429 1463 467 dominus
1495 430 1594 468 iesus
1615 430 1764 469 Cristus

153 483 171 500 a
183 475 236 500 law
249 473 388 499 sufficient

153 507 408 568 {fi-'Hffissil‘illssam
433 500 560 551 legem
590 514 657 550 per
686 513 725 538 se
755 501 1008 538 sufficientem
1037 500 1139 538 dedit
1169 501 1218 539 ad
1249 501 1423 550 regimen
1450 502 1572 539 tocius
1603 502 1763 540 ecclesie

154 575 308 600 Theresore
319 575 370 612 ,the
432 573 635 618 militantis,
653 579 694 610 ut
714 572 775 610 hic
795 572 1031 621 supponitur,
1048 584 1140 622 ergo
1154 572 1213 610 vel
1233 578 1385 622 oportet
1408 573 1514 622 quod
1534 573 1595 610 lex
1616 573 1763 622 papalis

154 609 237 641 papal
252 609 305 634 law
319 617 342 634 is

153 641 362 708 ssgtilg‘grlgffgessf
432 644 477 681 sit
505 655 595 693 pars
624 644 719 693 legis
744 643 857 682 Cristi
877 643 935 681 vel
964 643 1125 681 omnino
1155 644 1357 693 superflua.
1417 643 1455 680 Si
1481 644 1528 681 sit
1555 644 1615 681 lex
1637 643 1761 690 Cristi‚

154 710 319 785 {tmusldb
431 721 522 753 tunc
553 722 610 752 est
644 727 731 764 pars
763 715 946 764 scripture
977 726 1082 752 sacre
1117 714 1175 752 vel
1209 715 1408 753 conclusio
1439 727 1485 752 ex
1515 715 1598 764 ipsa
1625 714 1793 758 elicita.5

195 769 257 786 W'OU
321 768 336 784 e

154 793 378 859 ὶρῗἑὲτῑὲἓζθῑᾶζξε
433 786 645 833 Quomodo
679 797 772 836 ergo
810 798 891 823 non
926 785 1024 823 foret
1056 785 1105 823 ad
1135 785 1323 824 honorem
1353 786 1467 824 Cristi
1497 787 1624 824 vicarii
1654 787 1762 825 inniti

152 860 409 921 Z‘iietg'sffssigvliifv
411 909 420 914 -
432 857 625 906 scripture,
657 869 731 907 que
771 863 828 894 est
867 869 980 894 suum
1014 856 1302 895 fundamentale
1335 858 1575 907 principium,
1607 865 1644 895 et
1683 870 1763 895 non

152 928 239 962 giver-
430 940 651 978 presumere
681 940 873 966 assumere
895 928 966 966 sibi
987 929 1293 966 auctoritativum
1318 940 1462 965 nomen
1483 929 1571 966 novi
1591 928 1763 978 legiferi?

429 999 479 1038 Et
511 1000 661 1037 utinam
691 999 856 1037 ecclesia
888 999 1117 1048 simplicium
1150 1006 1401 1047 cognosceret
1444 1000 1644 1049 quomodo
1682 1012 1762 1037 non

429 1078 528 1109 esset
549 1071 783 1109 credendum
804 1071 1078 1108 tradicionibus
1101 1077 1351 1120 satraparum,
1372 1077 1409 1108 et
1430 1083 1498 1120 per
1518 1082 1761 1120 consequens
1777 1084 1816 1106 10

430 1155 511 1180 non
531 1142 705 1180 facienda
724 1154 860 1180 eorum
889 1142 1038 1180 monita
1057 1142 1130 1179 nisi
1153 1141 1199 1179 de
1220 1149 1365 1191 quanto
1387 1148 1473 1179 sunt
1493 1141 1702 1179 fundabilia
1721 1141 1760 1179 in

432 1213 615 1262 scriptura
632 1216 639 1251 Ι
698 1213 815 1251 Tunc
853 1214 957 1251 enim
995 1213 1152 1250 clareret
1183 1213 1368 1262 scriptura
1397 1219 1434 1250 et
1448 1211 1460 1232 ¹
1492 1212 1760 1262 detegerentur

151 1286 213 1312 The
226 1286 356 1319 Apostles
433 1284 601 1322 versucie
622 1284 671 1322 ad
690 1284 1008 1334 congregandum
1029 1284 1235 1334 peccunias
1255 1283 1405 1333 paliate.
1462 1283 1639 1333 Apostoli
1655 1283 1760 1320 enim

151 1321 234 1346 made
246 1329 282 1346 no
295 1329 356 1346 new

150 1354 402 1414 {ffisssle'ffeffavel
435 1362 473 1393 et
501 1356 621 1394 sancti
650 1368 782 1394 eorum
803 1356 932 1394 vicarii
956 1368 1036 1393 non
1056 1361 1305 1405 acceptarunt
1324 1355 1512 1404 originare
1542 1355 1595 1392 sic
1625 1362 1758 1392 auten-

324 1396 424 1420 purey

150 1422 352 1482 &hiisetiawos
434 1427 507 1464 tice
537 1439 656 1464 novas
687 1427 802 1476 leges,
835 1427 902 1465 sed
934 1427 1008 1475 legi
1034 1426 1158 1472 Cristi,
1192 1433 1234 1464 ut
1267 1426 1343 1473 tali,
1380 1439 1473 1475 pure
1504 1426 1811 1476 intenderant‚15

428 1497 638 1537 recolentes
659 1498 752 1535 illud
773 1498 912 1547 psalmi
933 1498 1118 1536 cxxxviiio
1139 1497 1233 1534 Dies
1238 1498 1529 1548 formabuntur,
1550 1502 1583 1534 el
1601 1510 1699 1534 nemo
1720 1499 1757 1534 z'n
1772 1508 1824 1538 ΡΞ,

1771 1550 1976 1584 cxxxviii.16.

1771 1604 1869 1635 Deut.
1886 1614 1958 1634 xxv.

432 1640 593 1679 ecclesia
624 1641 820 1679 vocabitur
853 1641 1010 1678 nomine
1041 1640 1165 1677 fratris
1199 1640 1338 1677 mortui
1377 1639 1548 1677 senioris.
1607 1639 1683 1677 Sed
1722 1647 1759 1677 et
1773 1656 1802 1687 5.

429 1571 489 1616 ez‘s,
517 1576 554 1607 et
584 1570 711 1619 legem
742 1569 951 1607 Deuteron.
983 1580 1030 1617 25
1066 1568 1266 1618 quomodo
1298 1580 1430 1606 semen
1464 1568 1570 1618 quod
1604 1569 1758 1606 suscitat

432 1720 612 1751 anatema
628 1712 732 1762 quod
748 1712 888 1750 Paulus
908 1711 1048 1749 invehit
1067 1712 1107 1748 in
1128 1723 1264 1749 omnes
1281 1711 1346 1761 qui
1366 1711 1637 1760 ewangelisant
1657 1710 1758 1748 aliud
1772 1701 1848 1733 Gal.
1864 1700 1885 1732 i·
1900 1702 1931 1740 8,
1944 1712 1974 1743 9·

432 1796 549 1833 quam
588 1784 813 1833 scripturam
852 1783 1092 1829 recoleretur,
1130 1789 1167 1820 et
1205 1782 1296 1820 illud
1334 1782 1473 1832 psalmi
1520 1782 1664 1820 dictum
1711 1781 1757 1819 de
1773 1789 1812 1811 20

432 1855 627 1893 anticristo
652 1854 848 1902 Constaue,
871 1855 1020 1900 domine,
1051 1855 1292 1903 legzlrlalorem
1322 1861 1432 1902 super
1459 1866 1524 1890 eos.
1582 1853 1680 1891 Item
1700 1853 1758 1891 vel
1770 1857 1812 1886 F-

432 1927 518 1976 plus
557 1925 790 1964 credendum
829 1932 887 1963 est
925 1926 999 1974 legi
1038 1926 1183 1975 private
1221 1931 1258 1962 et
1297 1924 1437 1962 iudicio
1475 1923 1602 1973 papali
1640 1936 1757 1974 quarn

432 1997 573 2035 sanctis
606 2004 786 2047 quattuor
817 1997 1040 2035 doctoribus
1071 2009 1159 2034 cum
1187 1996 1242 2034 eis
1262 1996 1456 2043 similibus,
1479 1996 1536 2033 vel
1556 2008 1635 2033 non
1651 2009 1661 2043 3
1693 2002 1757 2032 aut

431 2069 631 2119 quomodo
671 2068 1017 2118 proporcionaliter
1055 2068 1299 2106 auctoritates
1336 2067 1406 2105 iste
1445 2079 1529 2105 sese
1568 2067 1755 2116 recipiunt

431 2141 579 2178 videtur
615 2140 721 2190 quod
760 2140 882 2178 sancti
921 2140 1098 2178 doctores
1144 2139 1365 2189 precellunt,
1406 2150 1495 2176 cum
1533 2138 1606 2175 sint
1644 2138 1754 2187 origo
1770 2149 1807 2180 25

152 2238 278 2264 Andthe
290 2238 352 2264 four
431 2212 672 2250 decretorum
692 2218 728 2248 et
759 2211 1005 2249 decretalium
1026 2224 1048 2248 a
1067 2223 1228 2248 romana
1257 2209 1419 2248 ecclesia
1450 2210 1620 2258 allegate.
1679 2208 1755 2247 Sed

152 2272 391 2331 ffiffifssfflffiol,
430 2284 501 2333 ipsi
520 2283 725 2333 prohibent
745 2283 851 2332 quod
872 2282 1047 2320 credatur
1067 2282 1121 2320 eis
1141 2282 1214 2319 nisi
1235 2281 1282 2319 de
1299 2288 1444 2331 quanto
1459 2293 1499 2318 se
1515 2280 1754 2318 fundaverint

154 2339 207 2365 low
220 2339 297 2364 them
311 2339 338 2365 in

153 2373 361 2410 aughtourside
430 2354 469 2391 in
501 2355 696 2403 scriptura,
717 2361 757 2392 ut
789 2366 881 2404 sepe
912 2359 1016 2403 patet
1047 2353 1093 2390 de
1125 2354 1237 2390 beato
1264 2352 1491 2401 Augustino.
1547 2351 1652 2401 Ergo
1682 2363 1754 2389 nec

154 2407 396 2439 H⁰¹yscr¹pmre'
431 2425 617 2475 episcopo
647 2438 810 2463 romano
841 2425 944 2462 credi
971 2425 1084 2462 debet
1117 2424 1155 2460 in
1185 2424 1323 2461 talibus
1354 2423 1424 2459 nisi
1457 2422 1503 2460 de
1535 2430 1681 2472 quanto
1712 2434 1753 2460 se

153 2502 420 2562 ‘Crozrgffgrgxrmggrtls
434 2495 643 2533 fundaverit
666 2494 683 2515 '¹‘
706 2496 744 2533 in
769 2496 965 2545 scriptura.
1023 2495 1282 2534 Confirmatur
1301 2493 1494 2543 tripliciter
1514 2493 1641 2543 primo
1654 2494 1667 2514 ²
1687 2506 1755 2543 per
1765 2497 1814 2526 46
1827 2497 1861 2527 b.

153 2567 508 2629 ffffisggtjrcfgrffilfhoc
538 2566 643 2616 quod
674 2567 713 2604 in
743 2567 883 2616 regulis
914 2574 951 2604 et
977 2567 1015 2603 in
1041 2566 1187 2604 iudiciis
1216 2565 1535 2603 excomunicandi
1556 2565 1754 2615 proximos

154 2636 388 2702 ζξῑέῐὲξρζζέἒξὸ
433 2639 544 2676 debet
573 2639 740 2676 maxime
771 2639 873 2676 credi
904 2638 955 2675 illi
985 2638 1098 2681 curie,
1125 2650 1214 2675 cum
1248 2649 1308 2674 res
1339 2637 1401 2673 illa
1432 2637 1477 2674 sit
1504 2637 1753 2686 periculosior

152 2704 201 2729 the
215 2703 327 2729 Church

155 2737 336 2770 triumphant·
435 2710 664 2760 prudencius
710 2710 962 2759 precavenda.
1039 2709 1115 2746 Sed
1162 2709 1200 2745 in
1237 2708 1308 2745 illis
1346 2708 1504 2746 ecclesia
1542 2708 1625 2758 ipsa
1664 2719 1752 2757 sepe

432 2781 524 2819 fallit
563 2789 600 2818 et
639 2781 777 2818 fallitur
808 2781 968 2818 ecclesie
1000 2779 1249 2829 triumphanti
1281 2780 1481 2825 contraria,
1510 2786 1551 2816 ut
1574 2786 1675 2828 patet
1703 2791 1750 2816 ex

431 2852 670 2890 confessione
699 2864 799 2900 pape
830 2859 872 2887 v0
902 2851 1150 2889 decretalium
1187 2849 1269 2887 ‘De
1299 2850 1492 2887 sentencia
1529 2849 1750 2887 excomuni-
1764 2838 1955 2914 {izcrffltssit

607 2930 615 2948 ¹
641 2941 700 2960 om.
718 2936 758 2968 et,
776 2938 807 2960 Α.
1061 2927 1072 2944 ²
1096 2929 1210 2969 primo,
1229 2928 1266 2959 in
1283 2938 1385 2969 marg.
1403 2935 1446 2966 Α;
1469 2937 1530 2958 om.
1549 2935 1578 2957 B.
1765 2927 1870 2957 xxxix.
1878 2938 1904 2958 c.
1916 2927 1964 2957 28.
