2018 3401
725 265 792 297 DE
824 264 1020 297 OFFICIO
1053 264 1209 297 REGIS.
1857 268 1906 310 51

301 370 384 408 eius
405 370 625 420 potenciam
645 370 868 408 coactivam.
927 369 1127 416 Quantum
1148 368 1197 406 ad
1218 368 1413 406 ministros
1433 368 1633 407 inferiores
1646 376 1683 403 iii.
1710 377 1843 405 servants

1647 418 1720 438 must
1733 421 1811 437 serve
1825 412 1889 439 God

301 441 438 479 sufficit
459 453 530 491 pro
560 453 663 479 nunc
684 441 809 479 dicere
830 440 935 491 quod
964 441 1272 478 manuducantur
1292 439 1341 477 ad
1361 440 1632 478 mandatorum
1646 446 1701 471 and
1717 446 1764 483 {he
1780 445 1866 478 king,

1645 480 1701 504 and
1716 479 1768 504 live
1782 479 1810 505 in

299 512 359 549 dei
383 512 684 559 observandam,
704 512 753 549 ad
782 512 932 549 fidelem
961 511 1156 549 ministerii
1184 511 1284 560 regis
1306 511 1632 548 ministracionem
1646 512 1762 545 ehariry.

300 589 337 620 et
357 583 405 620 ad
429 583 651 620 habendum
670 583 768 620 inter
789 595 829 620 se
850 583 955 632 ipsos
975 591 1149 620 mutuam
1171 582 1380 620 caritatem.
1448 582 1523 620 Sed
1545 583 1633 632 quia
1647 587 1712 648 ffifi
1715 588 1772 648 {1¹2ss
1776 588 1888 648 ganists·

269 669 286 701 5
301 654 543 692 sacerdotum
565 660 622 692 est
642 654 855 692 doctrinam
874 654 986 691 istam
1004 654 1152 702 exequi,
1174 661 1212 691 et
1225 653 1429 702 utrobique
1451 654 1522 690 sub
1542 665 1632 703 rege
1647 662 1720 722 ffisyt
1735 656 1827 722 {1313}
1836 665 1911 715 ffirsss

299 725 592 763 architectonice
640 725 826 773 regulare,
861 725 949 763 ideo
995 725 1042 762 de
1077 725 1147 762 illis
1181 724 1250 762 erit
1285 736 1413 762 sermo
1451 724 1633 761 diffusior.
1646 709 1727 749 ³³⁵1ss
1741 723 1788 749 the
1804 723 1890 755 Κῖῃὲ,

299 796 453 833 Debent
479 796 583 834 enim
604 796 823 834 sacerdotes
852 797 933 845 regi
954 796 1130 834 assistere
1160 795 1387 832 instruendo
1408 795 1445 831 in
1467 795 1537 832 hiis
1558 807 1633 844 que

299 874 387 905 sunt
407 867 456 904 ad
480 866 640 912 Deum¹‚
661 867 903 905 consulendo
924 867 973 905 ad
994 866 1194 916 exemplar
1222 866 1316 915 legis
1338 866 1397 903 dei
1418 866 1457 902 in
1479 866 1633 903 iusticiis

300 938 497 975 servandis
517 938 565 975 ad
584 938 819 987 proximum.
877 938 967 975 Hoc
988 938 1091 975 enim
1112 945 1168 975 est
1196 937 1561 974 excellentissimum
1596 944 1633 974 et

250 1009 668 1046 10necessariissimum
709 1009 878 1047 officium
920 1009 1019 1058 regis
1058 1007 1185 1058 legio²
1224 1008 1459 1058 deputatum.
1528 1007 1631 1046 Nam
1645 1017 1814 1077 assixgghgye
1828 1026 1893 1076 {2⁸2⁰

1645 1061 1676 1077 ΟΥ
1717 1061 1759 1076 lue
1794 1061 1820 1076 ln

81 1077 179 1109 Deut.
198 1077 274 1109 xvii.
304 1079 575 1117 Deutronomii
595 1080 680 1126 xvii,
690 1087 729 1117 ut
744 1092 869 1129 supra,
881 1080 1013 1117 dicitur
1028 1080 1132 1129 quod
1149 1092 1213 1116 rex
1228 1079 1388 1128 accipiet
1402 1080 1593 1128 exemplar
1608 1093 1631 1116 a
1646 1085 1702 1112 Old
1715 1085 1889 1111 Testament.

83 1121 132 1152 18.

77 2569 118 2599 F.

302 1151 547 1188 sacerdotibus
566 1152 702 1188 levz'lz'ce
722 1152 840 1188 tribus
860 1164 946 1199 quos
965 1151 1110 1188 habebit
1125 1164 1252 1188 secum.
1282 1149 1341 1187 Ex
1364 1163 1441 1200 quo
1463 1151 1631 1200 sequitur

301 1234 369 1271 per
399 1222 528 1259 locum
562 1234 584 1259 a
617 1222 753 1259 maiori
787 1222 891 1270 quod
925 1234 1035 1270 reges
1068 1222 1248 1266 cristiani,
1269 1222 1334 1270 qui
1369 1222 1511 1258 debent
1546 1233 1630 1258 esse

301 1293 424 1341 magis
458 1293 636 1341 religiosi,
659 1292 843 1330 haberent
878 1293 1094 1330 sacerdotes
1130 1293 1258 1337 Cristi,
1280 1293 1345 1342 qui
1384 1300 1471 1330 sunt
1506 1305 1627 1342 genus
1644 1306 1864 1366 {orgiscapse

1643 1347 1690 1366 te
1736 1350 1812 1373 ingo

248 1367 285 1398 15
300 1363 465 1400 electum
486 1370 523 1400 et
541 1363 667 1412 regale
685 1363 962 1410 sacerdocium,
985 1371 1128 1401 stantes
1145 1376 1288 1409 secum,
1311 1370 1347 1400 et
1367 1364 1496 1412 gracia
1518 1364 1629 1401 huius
1643 1375 1776 1434 ξηὲιεηᾱ
1791 1375 1847 1434 hii>
1899 1408 1907 1434 ¹

1662 1418 1712 1434 een
1727 1417 1794 1441 very
1820 1418 1828 1434 ι
1850 1417 1897 1434 era

300 1434 412 1472 officii
433 1446 500 1471 rex
527 1441 656 1472 noster
676 1434 802 1484 anglie
829 1435 927 1472 inter
947 1447 1084 1472 omnes
1112 1447 1222 1484 reges
1243 1435 1444 1473 cristianos
1472 1435 1801 1508 fertiliusgcgotlgiaetgpi-

299 1505 442 1543 dotavit
481 1505 795 1554 archiepiscopos
833 1513 870 1543 et
908 1506 1113 1555 episcopos
1154 1507 1264 1555 regni
1304 1506 1370 1543 sui.
1429 1507 1523 1544 Ideo
1557 1507 1629 1543 nisi

299 1577 510 1626 rependant
531 1577 602 1614 sibi
628 1577 924 1614 vicissitudinem
948 1577 988 1613 in
1013 1577 1236 1625 diligencia³
1265 1577 1376 1615 huius
1406 1577 1518 1615 officii
1542 1584 1629 1615 sunt
1643 1587 1782 1647 gfff-{³³5
1799 1587 1875 1647 {lists

1664 1632 1680 1648 u
1697 1631 1714 1653 y
1729 1631 1736 1648 i
1752 1630 1787 1654 gis
1835 1631 1891 1647 ere-

300 1648 465 1697 amplius
494 1648 728 1697 increpandi,
752 1654 788 1685 et
823 1648 1038 1697 specialiter
1062 1649 1134 1685 nisi
1162 1649 1349 1685 instruant
1376 1661 1464 1685 eum
1493 1661 1628 1686 secun—
1643 1656 1707 1715 &ereb
1711 1656 1849 1715 1talineoerglore
1863 1661 1892 1681 to

247 1723 288 1745 ²0
301 1719 392 1756 dum
418 1719 544 1768 legem
568 1719 628 1756 dei
652 1719 744 1767 quid
779 1726 835 1756 est
868 1719 1100 1757 catholicum
1136 1726 1172 1757 et
1207 1720 1299 1768 quid
1336 1719 1550 1757 hereticum
1590 1720 1629 1757 in

299 1790 371 1827 hiis
402 1802 476 1839 que
511 1797 747 1828 concernunt
781 1791 953 1839 regimen
983 1790 1091 1840 regni
1116 1791 1184 1827 sui.
1243 1790 1346 1828 Nam
1373 1792 1627 1838 obmittendo,

299 1861 483 1910 fingendo
503 1861 560 1898 vel
582 1861 803 1899 seducendo
819 1862 858 1898 in
879 1862 959 1899 istis
977 1861 1101 1899 forent
1115 1862 1175 1900 dci
1195 1869 1232 1900 et
1251 1862 1454 1900 hominum
1471 1863 1631 1900 maximi

298 1932 525 1981 proditores.
554 1931 637 1970 Nec
658 1939 809 1982 oportet
829 1933 886 1970 vel
906 1933 1084 1970 convenit
1103 1933 1208 1982 quod
1229 1934 1303 1970 sint
1323 1945 1453 1970 secum
1475 1933 1629 1971 cottidie
1645 1947 1669 1972 rt
1685 1945 1707 2005 ῐξ
1721 1952 1768 1973 not
1783 1947 1896 2006 enouffih

1643 1987 1671 2006 tO
1705 1990 1719 2006 Ε
1733 1990 1806 2007 mere
1821 1986 1850 2006 ta
1881 1990 1908 2006 e-

298 2003 576 2049 conmensales,
607 2003 674 2041 sed
707 2004 842 2041 sufficit
869 2004 974 2054 quod
1008 2004 1215 2053 prudenter
1249 2005 1287 2041 in
1322 2017 1444 2054 regno
1476 2005 1629 2054 vigilent
1642 2015 1845 2080 fssgpiriiiss't‘ss'e

243 2076 282 2107 ²5
297 2081 334 2112 et
356 2075 543 2112 instruant
569 2086 660 2112 oves
694 2075 794 2124 regis
821 2081 858 2112 et
889 2087 976 2112 suas
996 2075 1034 2111 in
1054 2074 1126 2112 hiis
1156 2087 1231 2124 que
1252 2081 1340 2112 sunt
1369 2075 1418 2112 ad
1443 2075 1569 2119 deum,
1591 2082 1770 2142 etgfiavcffgeto
1784 2083 1850 2116 give

296 2146 326 2183 si
347 2145 439 2195 quid
455 2145 665 2195 questionis
678 2145 793 2182 ardue
809 2145 823 2164 ‘²
843 2145 882 2181 in
903 2145 1022 2182 domo
1042 2146 1142 2194 regis
1170 2152 1302 2182 natum
1324 2145 1434 2183 fuerit
1455 2146 1503 2183 ad
1524 2146 1628 2195 ipsos

295 2224 336 2254 ut
362 2224 532 2267 satrapas
556 2216 722 2253 habeant
745 2227 942 2253 recursum
970 2223 1006 2252 et
1031 2216 1228 2253 securum⁵
1258 2216 1472 2254 secundum
1501 2216 1626 2265 legem

297 2288 357 2326 dei
391 2288 604 2325 consilium.
662 2286 740 2333 Qui
775 2294 903 2324 autem
938 2293 1036 2324 stant
1075 2286 1228 2324 cottidie
1262 2299 1351 2325 cum
1386 2288 1552 2336 regibus,
1587 2294 1626 2325 ut

296 2359 412 2396 michi
436 2359 593 2404 videtur,
622 2357 765 2396 debent
789 2358 1001 2395 secundum
1022 2358 1296 2407 episcoporum
1327 2358 1626 2407 disposicionem

242 2437 284 2468 30
296 2430 497 2479 providam
527 2429 702 2475 limitari;
742 2429 846 2478 quod
880 2429 911 2466 si
941 2429 981 2466 in
1016 2429 1096 2466 istis
1131 2429 1355 2478 ignorancia
1376 2430 1432 2466 vel
1464 2442 1625 2479 corpore

296 2501 474 2538 deficiant
506 2512 662 2538 necesse
695 2506 753 2537 est
787 2512 916 2549 regem
950 2500 1102 2537 aliunde
1137 2501 1184 2537 de
1219 2500 1388 2538 remedio
1415 2501 1882 2571 providere.Je'lgeogitqlgunffit

301 2570 467 2620 Oportet
505 2578 634 2608 autem
674 2583 806 2620 regem
847 2571 893 2608 de
938 2570 1187 2608 familiaribus
1226 2571 1373 2608 clericis
1411 2583 1623 2620 precavere.
1638 2572 1777 2632 {2053th
1775 2573 1853 2632 ἔξω

297 2641 427 2680 Primo
448 2642 552 2692 quod
573 2642 647 2679 sint
667 2641 859 2679 immunes
879 2654 901 2679 a
922 2641 1143 2679 criminibus
1174 2642 1334 2678 notoriis
1354 2649 1390 2678 et
1414 2641 1624 2690 specialiter
1637 2638 1901 2699 {ffissofigffiiffiand

297 2713 484 2762 symonia.
531 2712 635 2750 Nam
656 2713 869 2762 symoniaci
891 2719 978 2749 sunt
998 2712 1153 2750 heretici
1175 2719 1212 2749 et
1243 2713 1523 2750 excomunicati
1557 2714 1622 2762 qui
1636 2707 1869 2773 {ffffiss}¹yss0m

340 2806 350 2824 ¹
371 2806 414 2838 ad
441 2817 528 2845 eum,
554 2814 588 2838 Α.
699 2807 710 2825 ²
734 2807 827 2849 legis,
847 2816 881 2839 Λ.
992 2805 1003 2823 ³
1027 2806 1235 2848 indulgencia
1261 2812 1325 2848 pro
1351 2806 1569 2848 indiligentia,
1587 2816 1621 2839 Λ.

294 2858 304 2875 ⁴
328 2858 432 2896 ardui,
453 2866 483 2890 B.
573 2859 584 2875 ⁵
607 2863 639 2890 et
659 2869 806 2890 securum
829 2860 866 2889 in
884 2869 988 2899 marg.
1005 2859 1048 2890 al.
1068 2869 1181 2896 manu,
1202 2866 1231 2888 Β.

923 2926 944 2951 Ε
970 2926 987 2950 2
