2018 3401
60 559 153 592 Luke
170 560 225 591 xii.

59 613 112 644 45·

729 305 793 335 DE
827 306 1021 337 OFFICIO
1056 306 1210 337 REGls.

1802 310 1823 338 k)

1829 307 1883 351 (ὃ

277 417 333 448 est
365 411 543 448 iuvenum
576 411 866 448 consulencium
899 411 1123 460 episcopum
1155 411 1355 449 dominum
1386 419 1420 449 et
1451 412 1603 450 divitem

279 482 369 526 fieri,
391 481 688 531 hospitalitatem
709 488 746 518 et
766 482 944 519 timorem
975 494 1055 519 non
1076 481 1229 528 habere,
1252 494 1330 519 non
1361 483 1605 521 attendentes

278 554 385 602 quod
406 552 586 590 dominus
616 552 729 590 dicit:
761 551 812 590 Sz'
840 555 975 601 cepa-sl
1001 554 1229 602 despensalor
1249 554 1390 590 dicere:
1418 553 1606 591 Dominus

278 636 375 660 meus
403 636 542 660 moram
558 624 696 673 facz'l,·
726 628 760 660 et
785 624 918 672 ceperit
943 624 1129 672 caslzgrare
1149 630 1284 671 pueros
1312 637 1357 660 ac
1386 625 1554 671 ancillas,
1576 630 1610 662 et

244 713 262 744 5
278 695 500 731 manducare
528 708 571 731 ac
600 695 715 732 bibere
757 707 837 731 cum
880 695 991 732 ebriis
1003 708 1022 738 ,·
1058 695 1175 731 veniel
1201 696 1327 731 etenim
1357 696 1534 741 dominus,
1566 697 1606 732 in

278 766 335 802 dfe
363 778 436 814 qua
466 767 585 810 nescit,
605 769 638 802 el
655 766 748 801 hora
769 778 842 813 qua
861 766 1021 813 ignorat,
1042 770 1076 802 el
1097 766 1236 802 dividet
1251 778 1341 802 eum.
1400 766 1497 803 Item
1525 778 1606 803 non

62 846 73 868 1
97 838 166 869 Pet.
181 848 212 870 v.
233 847 262 878 3.
277 836 516 873 attendentes
546 836 652 885 quod
682 836 850 884 precepit
880 835 1026 881 Petrus,
1049 849 1119 873 non
1149 837 1385 881 dominantes,
1407 836 1475 874 sed
1497 837 1608 886 quasi

62 884 86 912 S

61 977 110 998 20.

62 1063 110 1093 23.

61 1108 76 1128 2
96 1097 182 1129 Tim.
202 1097 221 1129 i.

61 1150 72 1171 1
83 1150 110 1179 3.

59 1187 104 1215 53
122 1194 152 1216 a.

64 905 239 956 1'Tim.vi.
276 907 541 956 episcopatum
562 913 746 944 tenentes.
804 906 902 944 Item
924 906 1074 953 Paulus,
1095 906 1289 944 A'ovz'lases
1315 920 1440 944 vocum
1475 908 1607 953 devilcz,

62 1021 76 1041 2
96 1011 171 1042 Tim
200 1011 223 1042 ii
273 982 454 1025 generant
483 978 577 1014 enim
616 978 707 1022 lites,
740 983 778 1014 et
812 989 938 1015 sermo
969 990 1105 1015 eorum
1140 979 1248 1027 quasi
1283 989 1441 1027 serpens
1480 979 1606 1028 serpit.

276 1048 460 1098 Episcopi
481 1048 583 1085 enim
606 1060 685 1085 non
707 1048 910 1085 attendunt
941 1048 989 1085 ad
1010 1048 1225 1085 doctrinam
1246 1061 1361 1098 quam
1377 1047 1387 1067 ¹
1409 1049 1608 1098 apostolus

276 1119 408 1156 docuit
446 1120 673 1168 episcopum
707 1118 1002 1164 Thimotheum‚
1044 1119 1207 1156 formam
1248 1120 1389 1157 habere
1430 1133 1607 1157 sanorum

277 1190 468 1227 verborum
498 1203 564 1238 que
597 1202 620 1226 a
655 1202 707 1226 me
737 1191 879 1226 audisti
905 1190 938 1235 *,
971 1190 1037 1227 sed
1072 1202 1193 1228 novas
1227 1191 1331 1240 leges
1363 1203 1537 1229 cesareas
1572 1198 1608 1229 et

279 1261 548 1310 episcoporum
578 1261 868 1299 dominancium
899 1262 1111 1307 attendunt,
1133 1268 1170 1299 et
1200 1262 1400 1311 quomodo
1430 1262 1608 1300 accucius

279 1332 521 1369 anathemate
560 1331 694 1369 ferient
707 1329 731 1377 ²,
767 1332 876 1381 quasi
911 1339 1108 1381 serpentes
1123 1333 1146 1378 ³,
1182 1333 1379 1370 dicentes⁴
1413 1333 1608 1382 implicite,

226 1409 462 1452 15tanquam
496 1402 686 1448 Roboam‚
724 1403 830 1452 quod
863 1403 1043 1440 minimus
1073 1403 1239 1452 digitus5
1268 1416 1403 1441 eorum
1443 1404 1610 1453 prevalet

279 1473 394 1511 dorso
426 1473 643 1511 Salomonis
674 1474 805 1511 nostri.
861 1473 951 1523 Ipse
981 1474 1118 1512 cecidit
1147 1475 1320 1512 subditos
1350 1475 1520 1524 flagellis,
1543 1475 1610 1513 sed

277 1544 358 1581 eius
379 1544 505 1582 vicarii
528 1543 748 1582 Roboanite
772 1544 910 1582 cedent
939 1557 1007 1582 eos
1038 1545 1318 1594 scorpionibus,
1339 1553 1379 1583 ut
1409 1552 1565 1583 notatur
1587 1559 1607 1594 3

65 1625 197 1666 1I<ings
211 1625 264 1655 xii.
281 1614 434 1663 Regum
478 1627 536 1651 12.
612 1613 720 1652 Mille
759 1614 989 1653 tradiciones
1018 1615 1223 1653 blasfemas
1252 1616 1433 1653 simulant
1471 1618 1610 1666 quibus

65 1678 113 1708 14.

279 1697 393 1733 super
423 1685 551 1722 Iesum
579 1692 752 1721 nostrum
782 1685 964 1734 implicite
995 1698 1034 1722 se
1063 1686 1260 1723 extollunt.
1319 1687 1485 1736 Oportet
1515 1699 1609 1737 ergo
1626 1697 1889 1757 Fortrgegsacifica-

1624 1738 1711 1757 ἷΕΟΠΟ
1742 1738 1751 1757 t
1774 1741 1789 1756 Ε

229 1770 266 1792 20
282 1755 495 1792 secundum
517 1755 631 1792 fidem
653 1755 834 1804 scripture
855 1762 892 1792 et
912 1763 1069 1794 sanctos
1099 1757 1276 1794 doctores
1307 1758 1413 1807 quod
1438 1758 1486 1795 ad
1508 1758 1610 1807 paci·
1623 1765 1746 1795 Church⁷
1768 1764 1823 1790 this

1623 1799 1701 1831 pride
1712 1799 1742 1824 of
1753 1799 1800 1824 the
1811 1797 1890 1823 salse-

280 1825 476 1863 ficandum
515 1826 715 1863 ecclesiam
755 1826 986 1875 deprimatur
1020 1827 1088 1864 ista
1126 1828 1378 1876 pseudocristi
1419 1829 1610 1877 superbia,
1624 1832 1804 1891 sshvrgggust
1818 1832 1852 1857 be

279 1908 369 1933 cum
390 1897 517 1934 iniciat
548 1908 664 1933 omne
696 1897 841 1934 malum
872 1897 1031 1935 ecclesie
1066 1898 1253 1935 cristiane.
1313 1898 1426 1936 Unde
1459 1898 1612 1936 Veritas

62 1972 161 2002 Matt.
180 1970 265 2002 xxiv.
281 1966 420 2004 Matth.
463 1974 532 2013 240
573 1968 777 2016 predicens
815 1968 1109 2006 tribulacionem
1149 1968 1314 2005 futuram
1358 1969 1518 2007 ecclesie
1557 1971 1610 2007 sic

64 2025 92 2055 5.

281 2038 444 2076 orditur:
479 2037 606 2075 Multi
630 2040 772 2075 venient
798 2040 836 2075 in
867 2041 1009 2076 nomine
1037 2053 1110 2076 meo
1140 2041 1291 2076 dz'cenles
1320 2042 1408 2087 quia
1437 2053 1501 2088 ego
1529 2053 1610 2077 sum

228 2120 265 2150 25
285 2108 466 2152 Crz'slus‚·
496 2113 529 2145 et
546 2109 676 2145 mullos
703 2110 878 2146 seducent.
936 2109 985 2146 Et
1004 2116 1115 2147 vocat
1143 2121 1209 2146 eos
1230 2111 1420 2158 posterius
1440 2110 1608 2158 pseudo-

283 2179 482 2216 cristianos
495 2177 520 2215 ⁶.
597 2178 679 2216 Nec
714 2186 771 2217 est
804 2179 912 2217 facile
945 2179 1089 2229 fingere
1123 2180 1193 2217 hos
1233 2180 1610 2229 pseudochristianos

283 2250 347 2298 qui
387 2249 543 2286 veniunt
582 2250 620 2285 in
659 2251 815 2287 nomine
854 2250 966 2287 Cristi
1004 2258 1041 2287 et
1082 2251 1270 2288 seducunt
1309 2251 1496 2300 populum
1536 2252 1608 2287 nisi

283 2320 500 2369 prepositos
531 2321 569 2357 in
601 2320 703 2358 clero
734 2321 972 2358 mencientes
1001 2333 1041 2358 se
1070 2320 1211 2358 habere
1241 2333 1264 2358 a
1285 2320 1411 2359 Cristo
1441 2321 1489 2358 ad
1520 2321 1609 2359 faei-

283 2391 426 2428 endum
467 2391 650 2441 quicquid
698 2391 856 2429 fecerint
902 2392 961 2429 vel
1009 2391 1320 2429 blasfemaverint
1368 2398 1608 2441 potestatem.

284 2462 546 2499 Confirmatur
583 2475 630 2500 ex
673 2463 829 2499 racione
877 2462 964 2499 fidei
1003 2474 1079 2511 qua
1117 2463 1310 2500 credimus
1360 2462 1467 2511 quod
1515 2463 1715 2503 deuschrist
1731 2477 1860 2509 assigned

284 2532 472 2570 ordinavit
504 2532 699 2570 modicam
734 2543 956 2569 mensuram
991 2532 1110 2569 civilis
1145 2532 1303 2569 dominii
1343 2544 1460 2581 quam
1492 2511 1871 2602 voluiti‘offizssissff'fssff

284 2603 400 2640 servis
439 2603 543 2640 suis⁷
577 2602 829 2648 inferioribus,
863 2610 900 2639 ut
935 2603 1101 2640 dominis
1133 2603 1380 2648 secularibus,
1409 2603 1608 2652 dispertiri,
1623 2586 1889 2676 Ξῗῖἐὲὲὲῑιξὲἐιᾶξ)

283 2680 364 2710 toto
385 2673 486 2711 clero
507 2685 576 2710 suo
608 2673 755 2710 vivente
787 2674 1084 2723 exproprietarie
1116 2674 1232 2710 instar
1254 2673 1367 2710 Cristi
1399 2681 1434 2711 et
1455 2680 1609 2722 aposto·
1623 2677 1774 2709 supported
1794 2677 1830 2709 by

327 2783 336 2800 ¹
361 2794 436 2824 qua,
453 2791 487 2814 A.
599 2783 611 2801 ²
633 2784 772 2820 ferirent,
789 2792 823 2815 A.
943 2784 955 2800 ²³
979 2794 1119 2825 serpens,
1138 2792 1167 2814 Β.
1289 2783 1299 2800 ⁴
1324 2783 1532 2815 dominantes
1548 2789 1612 2824 pro

282 2834 434 2871 dicentes,
454 2843 487 2865 A.
619 2835 630 2851 ⁵
654 2841 700 2867 est
718 2840 791 2876 post
813 2835 932 2876 digitus
948 2836 1020 2866 add.
1039 2844 1072 2867 A.
1214 2834 1226 2849 ε·
1256 2835 1376 2866 l'crha:
1402 2835 1471 2866 Nec
1488 2840 1535 2866 est
1554 2858 1559 2864 .
1578 2859 1584 2865 .
1604 2859 1611 2866 .

284 2886 612 2927 pseudochristianos,
629 2898 690 2918 om.
710 2895 742 2920 A.
833 2887 844 2904 ⁷
869 2888 944 2924 suis,
961 2898 1021 2918 om.
1042 2896 1074 2918 A.

920 2955 982 2980 82
