2018 3401
139 2074 373 2103 Excommunica-

138 2111 196 2136 tion
211 2109 299 2141 ought
313 2114 342 2134 to
355 2107 389 2133 be

139 2143 266 2169 received
277 2141 344 2167 with

136 2177 196 2210 joy,
212 2185 242 2202 as
255 2176 297 2202 sor
309 2175 357 2201 the

140 2209 279 2237 sufferer's
288 2209 370 2242 good.

151 2908 190 2932 As
203 2906 244 2931 for
257 2914 330 2930 mere

151 2941 255 2966 human
269 2947 377 2964 excom-

822 328 887 358 DE
918 326 1113 359 OFFICIO
1146 327 1300 358 REGIS.

405 433 554 470 assistet
586 434 655 471 sibi
688 432 924 483 perficiendo
955 444 1064 469 suam
1097 432 1355 476 sentenciam;
1397 430 1488 480 quia
1517 436 1606 466 tunc
1638 427 1734 466 foret

403 504 707 542 excomunicans
738 504 824 553 plus
854 515 972 553 quam
1004 502 1107 540 deus.
1165 501 1261 540 Ideo
1288 501 1377 539 dicit
1404 512 1517 550 papa,
1538 506 1580 537 ut
1609 510 1734 548 supra,

405 574 510 623 quod
530 574 649 612 homo
680 587 769 623 sepe
800 574 1069 611 excomunicat
1089 579 1125 611 et
1146 573 1241 611 deus
1262 584 1342 610 non
1362 570 1646 615 excomunicat,
1668 567 1736 606 sed

407 644 590 691 absolvit;
621 651 657 682 et
681 657 773 694 sepe
805 645 966 694 contigit
998 644 1242 689 contrarium,
1265 643 1371 692 quod
1401 642 1538 679 melius
1570 650 1737 689 cognos-

407 715 503 753 citur
540 727 588 752 ex
623 715 868 753 consciencia
903 714 1207 752 excomunicati:
1253 713 1343 763 quia
1377 712 1592 750 secundum
1631 709 1768 758 quod5

407 793 540 835 peccat
568 785 626 822 vel
658 798 739 823 non
769 792 901 835 peccat
931 786 970 822 in
999 785 1114 823 deum
1147 784 1239 821 deus
1266 795 1354 821 eum
1382 782 1651 821 excomunicat
1678 779 1737 816 vel

409 856 584 894 absolvit.
640 856 768 902 Unde,
791 868 840 893 ne
870 855 1186 894 excomunicator
1216 862 1358 892 temere
1390 853 1539 898 iudicet,
1568 850 1738 889 condidit

409 927 502 964 deus
536 927 678 976 duplex
714 933 987 965 testamentum
1026 939 1094 964 sue
1129 926 1259 963 ultime
1293 924 1508 969 voluntatis,
1544 923 1598 960 sic
1633 920 1740 971 quod

410 998 630 1047 quicunque
660 998 929 1036 excomunicat
950 1009 1029 1034 non
1051 997 1333 1034 adversatorem
1359 994 1425 1033 sed
1454 995 1739 1032 observatorem

411 1069 605 1118 scripture,
627 1075 802 1106 notatum
823 1080 903 1106 non
924 1068 1194 1105 excomunicat
1215 1066 1282 1104 sed
1304 1078 1343 1104 se
1365 1066 1503 1114 ipsum.
1560 1063 1609 1100 Et
1636 1068 1795 1112 patetB.

410 1139 516 1189 quod
537 1139 851 1177 excomunicator
871 1139 984 1176 debet
1004 1138 1131 1188 primo
1161 1138 1200 1174 in
1230 1136 1388 1174 materia
1418 1147 1487 1173 sue
1516 1133 1741 1172 excomuni-

410 1211 582 1248 cacionis
610 1222 845 1260 cognoscere
871 1210 1107 1247 voluntatem
1137 1208 1318 1252 divinam,
1347 1207 1437 1256 quia
1467 1206 1574 1243 aliter
1603 1203 1742 1241 menti-

412 1288 524 1320 retur.
582 1281 678 1319 Ideo
698 1287 850 1330 oportet
872 1280 978 1330 quod
1001 1279 1142 1318 habeat
1175 1278 1453 1316 revelacionem
1474 1283 1510 1314 et
1530 1275 1741 1319 caritatem,

412 1359 454 1390 ut
489 1352 578 1398 dixi,
613 1352 643 1389 si
675 1352 779 1389 illam
809 1351 1044 1389 medicinam
1078 1351 1147 1388 rite
1179 1350 1292 1388 debet
1324 1360 1531 1398 apponere,
1557 1353 1598 1384 ut
1623 1346 1743 1383 laicus

412 1423 642 1472 generaliter
681 1422 986 1460 excomunicans
1025 1421 1141 1458 habet
1189 1420 1472 1458 revelacionem
1520 1417 1741 1468 generalem
1758 1429 1795 1462 15

413 1493 519 1543 quod
551 1493 677 1531 solum
710 1492 756 1530 de
788 1499 935 1541 quanto
967 1492 1052 1541 quis
1084 1498 1139 1528 est
1171 1491 1246 1528 deo
1271 1489 1499 1527 inobediens
1519 1495 1574 1525 est
1595 1487 1742 1525 realiter

413 1564 742 1602 excomunicatus.
799 1563 849 1600 Et
883 1569 987 1612 patet
1018 1562 1125 1611 quod
1164 1562 1272 1598 multi
1312 1573 1400 1599 cece
1439 1566 1642 1597 moventur
1674 1571 1742 1607 ap-

413 1647 560 1685 ponere
594 1633 612 1653 *
646 1634 879 1672 medicinam
910 1633 1291 1671 excomunicacionis
1321 1644 1368 1669 ex
1400 1637 1539 1680 questu
1568 1629 1628 1666 vel
1654 1629 1743 1666 odio
1758 1638 1806 1668 48
1823 1646 1855 1668 a.

414 1706 585 1752 fratrum,
601 1717 681 1743 non
702 1704 945 1742 attendentes
961 1703 1132 1741 divinum
1148 1703 1341 1740 iudicium.
1388 1701 1504 1739 Unde
1521 1699 1745 1738 excomuni-

415 1784 548 1815 cantes
570 1775 588 1795 *
612 1777 666 1814 sic
686 1776 825 1813 invitos
851 1775 1059 1812 ostendunt
1080 1787 1126 1811 ex
1148 1773 1268 1811 modo
1289 1784 1400 1811 suam
1422 1771 1635 1810 stulticiam.
1695 1769 1745 1816 Si,
1759 1767 1962 1798 F01.168b.

415 1849 585 1898 inquam,
606 1847 780 1884 medicus
813 1845 1024 1895 corporalis
1057 1857 1137 1883 non
1170 1850 1383 1894 apponeret
1414 1842 1650 1880 medicinam
1673 1840 1746 1878 nisi

414 1926 509 1957 noto
538 1918 678 1956 morbo
711 1923 747 1955 et
776 1917 911 1953 virtute
943 1916 1135 1954 medicine
1162 1927 1255 1953 curn
1284 1914 1529 1964 reputacione
1558 1911 1747 1962 probabili

417 1989 524 2040 quod
544 1994 707 2034 sanaret,
731 1994 880 2037 quanto
910 1987 1035 2035 magis
1066 1985 1270 2035 spiritualis
1300 1984 1475 2022 medicus
1495 1984 1533 2020 in
1554 1994 1645 2020 casu
1667 1994 1748 2031 quo

418 2061 552 2098 iminet
581 2058 772 2097 infinitum
801 2057 926 2107 magis
955 2056 1195 2106 periculum?
1251 2055 1302 2092 Et
1329 2055 1394 2100 sic,
1416 2060 1457 2090 ut
1487 2053 1581 2090 dixit
1602 2051 1749 2089 subtilis

419 2132 538 2170 laicus
576 2136 815 2168 memoratus
867 2128 1053 2177 superius,
1095 2126 1222 2164 omnis
1269 2124 1588 2163 excomunicatus
1635 2122 1749 2159 debet
1765 2125 1805 2158 ²5

420 2202 634 2253 gaudenter
665 2200 824 2238 sufferre
859 2197 1272 2237 excomunicaeionem
1304 2196 1458 2240 illatam,
1487 2194 1578 2243 quia
1605 2193 1635 2230 si
1667 2205 1750 2242 pre-

420 2274 569 2324 positus
589 2272 685 2309 iuste
707 2270 981 2309 excomunicat
1011 2267 1330 2306 excomunicacio
1351 2265 1502 2315 passiva
1522 2270 1578 2301 est
1598 2264 1696 2300 iusta
1716 2268 1754 2299 et

420 2342 674 2388 medicinalis,
691 2342 738 2380 de
760 2353 838 2391 qua
858 2340 1050 2379 medicina
1067 2339 1225 2389 paciens
1241 2337 1354 2375 debet
1370 2335 1548 2386 gaudere.
1596 2333 1754 2371 Frustra

421 2415 525 2452 enim
564 2419 824 2462 apponeretur
863 2411 937 2448 nisi
975 2410 1208 2460 reciperetur
1243 2414 1280 2445 et
1314 2406 1542 2445 sufferretur.
1599 2404 1648 2441 Et
1683 2403 1753 2441 hec

422 2484 526 2522 racio
546 2495 662 2532 quare
687 2482 886 2532 dampnati
915 2487 1079 2530 peccant
1111 2477 1376 2517 inevitabiliter
1404 2476 1494 2525 quia
1523 2487 1603 2512 non
1632 2473 1753 2523 gaud·
1768 2474 1809 2506 30

425 2562 532 2594 enter
561 2554 767 2592 sufferrunt
796 2551 1206 2590 excomunicacionem
1237 2560 1315 2586 tam
1345 2548 1440 2584 iuste
1471 2545 1628 2591 illatam,
1650 2544 1755 2594 quod

425 2635 555 2665 tamen
586 2625 783 2662 deberent.
843 2622 881 2659 Si
915 2622 1000 2672 quis
1034 2620 1303 2659 excomunicat
1335 2618 1583 2654 innocentem
1616 2615 1755 2651 iniuste

425 2699 539 2736 debet
575 2696 743 2745 gaudere
782 2693 888 2744 quod
933 2693 1074 2742 dignus
1112 2698 1170 2728 est
1217 2701 1286 2739 pro
1327 2687 1455 2726 Cristo
1503 2685 1755 2735 equanimiter

424 2768 582 2806 iniurias
620 2773 745 2804 tantas
782 2765 871 2814 pati.
938 2763 999 2800 De
1032 2769 1207 2810 tempore
1244 2771 1335 2796 vero
1374 2755 1756 2795 excomunicacionis

426 2839 526 2876 facte
562 2850 584 2874 a
615 2837 689 2875 deo
721 2836 834 2873 debet
868 2846 907 2872 se
941 2833 1163 2871 submittere
1198 2829 1391 2867 humiliter
1422 2827 1550 2865 divino
1588 2825 1755 2870 arbitrio,
1770 2835 1809 2866 35

430 2907 697 2947 satisfaciendo
718 2906 791 2944 deo
813 2910 957 2955 quanto
978 2902 1125 2941 sufficit.
1182 2901 1232 2937 Et
1252 2905 1441 2949 quantum
1463 2897 1511 2935 ad
1532 2895 1755 2946 excomuni-
1769 2899 1807 2928 C-

1995 1430 2016 1536 ‹smn-
2003 1408 2014 1418 .·
2003 1367 2013 1392 .-
