2018 3401
677 324 742 355 DE
774 324 967 356 OFFICIO
1002 324 1159 355 REGIS.
1788 327 1859 356 121

257 428 342 476 quis
376 428 563 466 sufficeret
601 429 862 478 pseudopapis
901 435 937 466 et
975 429 1056 465 aliis
1094 428 1270 466 hereticis
1309 429 1374 478 qui
1405 429 1452 466 de
1483 429 1586 467 clero
1600 438 1835 471 salsepopezand

1599 472 1680 498 other
1693 473 1830 499 heredes?

257 506 398 536 exeunt
428 499 707 548 depopulantes
736 500 841 536 bona
870 500 1063 549 utriusque
1094 500 1210 548 partis
1242 500 1432 537 ecclesie?
1492 500 1586 538 Ideo

258 582 414 607 necesse
446 578 504 608 est
533 571 733 608 ecclesiam
763 571 852 608 cleri
882 570 1024 607 habere
1046 571 1084 607 in
1106 571 1169 608 tali
1191 571 1444 620 oppressione
1469 571 1586 620 presi-

259 641 364 677 dium
386 641 432 679 de
452 642 611 679 brachio
634 641 806 686 seculari,
827 649 868 678 ut
895 641 999 691 quod
1029 654 1109 679 non
1139 641 1334 690 prevalent
1366 642 1586 679 sacerdotes

230 712 411 758 5efficere
448 725 517 762 per
564 713 740 750 doctrine
779 713 1032 750 servicionem
1080 719 1253 762 potestas
1294 713 1475 750 secularis
1514 713 1587 751 hoc

259 783 419 831 imperet
453 797 520 833 per
550 784 749 833 discipline
780 791 975 830 terrorem,
996 791 1037 820 ut
1065 784 1153 821 dicit
1182 785 1317 821 beatus
1343 784 1526 830 Isidorus,
1549 792 1585 821 et

40 854 168 885 Decret.
258 853 345 891 ideo
379 854 469 891 dicit
505 855 703 892 decretum
732 855 798 892 ubi
832 867 969 904 supra:
1011 855 1111 903 Ipsis
1141 860 1258 891 aulem
1290 856 1524 904 prz'nczpz'bus
1555 860 1588 892 el

40 898 486 981 {ffssfac'ffg'potestatibus
505 926 619 975 fidem
640 930 673 962 cl
689 928 933 963 reverenciam
954 927 1105 963 servari
1123 930 1265 975 oporiet,
1287 940 1394 975 quam
1426 929 1494 975 qus'
1513 939 1584 963 non

257 997 468 1033 exhibuerit
484 1002 575 1045 apul
587 998 688 1033 deum
701 999 849 1045 premia
865 999 1028 1034 mvem're
1043 1010 1113 1034 non
1125 999 1270 1046 polerl'l.
1319 998 1402 1035 Nec
1425 998 1584 1035 dubium
1599 1008 1636 1034 So
1650 1014 1696 1034 too
1710 1009 1829 1068 ρτῑηςεςἴ

1597 1051 1644 1067 are
1658 1051 1804 1075 necessary
1826 1053 1857 1069 ΟΥ

208 1080 246 1101 10
259 1067 351 1115 quin
372 1067 564 1116 principes
586 1074 673 1104 sunt
694 1068 975 1105 necessariores
1000 1068 1047 1105 ad
1070 1068 1354 1105 defendendum
1383 1069 1583 1106 ecclesiam
1598 1076 1865 1136 giffudrssffrss‘cgfflsthe

259 1145 391 1175 contra
422 1138 597 1176 inimicos
629 1139 710 1176 eius
741 1139 986 1184 domesticos,
1009 1139 1072 1188 qui
1095 1139 1292 1176 venientes
1321 1147 1361 1176 ut
1394 1139 1516 1177 clerus
1546 1140 1585 1176 in
1598 1143 1795 1202 Eggffierffestie

258 1209 493 1246 vestimentis
513 1210 642 1247 ovium
664 1210 814 1258 rapiunt
835 1209 994 1246 subdole
1023 1210 1124 1247 bona
1149 1222 1374 1259 pauperum,
1397 1222 1514 1259 quam
1536 1211 1585 1247 ad

40 1284 78 1313 O-
261 1279 545 1317 defendendum
584 1281 707 1329 ipsam
746 1288 882 1318 contra
930 1288 1082 1317 exteros
1121 1281 1306 1318 inimicos.
1385 1280 1461 1318 Sed
1499 1282 1864 1330 quiswhowiugainsay

1599 1327 1645 1352 the
1659 1328 1733 1358 right
1745 1329 1778 1354 of
1787 1335 1855 1354 tem-

259 1351 414 1388 auderet
430 1363 596 1388 asserere
613 1352 718 1400 quod
740 1363 818 1388 non
838 1351 924 1388 licet
942 1351 1106 1388 dominis
1129 1351 1403 1400 temporalibus
1424 1352 1584 1389 aufferre
1598 1358 1808 1421 ppsaltlgrdgtto·

1598 1404 1610 1419 s
1626 1404 1667 1427 rip
1714 1405 1727 1420 e
1742 1416 1749 1420 .
1770 1405 1784 1420 n
1802 1405 1821 1421 ι-

207 1426 244 1458 15
259 1422 375 1468 villas,
399 1430 532 1468 castra,
554 1428 590 1459 et
621 1422 841 1459 thesaurum
872 1422 1031 1460 ecclesie
1063 1434 1178 1471 quem
1205 1430 1370 1471 occupat
1396 1422 1586 1460 Robertus
1598 1429 1847 1494 ggffzfli‘t'ieissssassef‘

261 1493 493 1531 Gibonensis
514 1505 602 1531 cum
624 1494 699 1530 suis
721 1494 984 1531 sacerdotibus
1015 1500 1212 1542 tamquam
1235 1494 1372 1530 suurn?
1397 1501 1434 1531 et
1455 1496 1850 1556 1-6νεῑειζᾷζὲξῑξξίἳϊ5ζξ

258 1564 347 1601 latet
368 1577 438 1602 nos
459 1571 585 1601 utrum
607 1565 688 1614 ipse
709 1565 766 1602 vel
787 1564 998 1613 Gregorius
1020 1565 1114 1601 ΧΙΠΒ
1130 1572 1291 1613 occupat
1311 1566 1585 1613 patrimonium

31 1634 206 1676 Chrysost.
258 1635 371 1673 Cristi
406 1636 592 1673 iniustius.
650 1635 764 1672 Unde
795 1636 1069 1680 Cr1sostomus‚
1100 1635 1146 1672 de
1177 1636 1288 1672 laude
1316 1637 1416 1684 pauli
1447 1637 1586 1674 omelia

39 1679 91 1709 De
109 1679 212 1709 Laud.
393 1706 404 1717 ,
474 1707 479 1713 .
639 1707 645 1714 .
735 1707 740 1713 .
916 1708 955 1713 ..
1138 1708 1143 1713 .
1257 1703 1262 1713 1
1547 1710 1552 1715 .
1585 1710 1589 1715 .

39 1722 131 1752 pam·
256 1714 337 1752 nlla,
391 1706 493 1742 Ilzlzs
538 1711 597 1752 esl,
637 1713 771 1755 lnquit,
811 1708 970 1744 condzczo
1017 1720 1168 1751 crl'orls,
1206 1720 1317 1742 eclam
1367 1709 1467 1744 nullo
1514 1709 1582 1744 stlsz

41 1765 199 1797 Hom·lv·
256 1779 437 1815 obsl'slcnlc
465 1779 680 1814 consenesce?
702 1792 745 1814 ac
765 1779 890 1828 dcflue'l
900 1792 918 1821 ,·
949 1779 1035 1814 talis
1063 1782 1180 1814 aulem
1207 1791 1223 1814 e
1243 1779 1386 1814 (ism-so
1416 1781 1583 1815 vcrz'lalss

255 1853 382 1894 stolus,
404 1850 515 1885 eciam
538 1850 661 1885 mulll's
681 1850 980 1897 zbnplcgnanlz'bus
1000 1851 1202 1886 suscz'lalm·
1221 1854 1254 1885 cl
1270 1854 1410 1886 cre-scel.
1469 1850 1583 1888 Unde

257 1920 400 1956 nedum
434 1919 676 1957 consessione
711 1921 852 1957 verbali
888 1921 955 1958 sed
990 1921 1178 1958 effectuali
1214 1921 1442 1969 practisatur
1481 1921 1583 1958 dicta

257 1990 452 2028 conclusio
473 1998 513 2027 ut
535 1990 698 2040 scripta¹
719 1991 854 2028 melius
887 1992 1108 2028 memoriter
1138 1998 1319 2028 teneatur.
1378 1992 1472 2029 Ideo
1502 1992 1584 2030 laus

256 2061 408 2098 trinitati
439 2059 570 2110 quod2
595 2074 695 2111 papa
727 2069 856 2100 noster
886 2063 1067 2099 Urbanus
1090 2063 1182 2099 VIUS
1203 2063 1386 2111 practisat
1415 2070 1452 2100 et
1482 2063 1583 2101 facto

205 2150 243 2181 25
258 2133 444 2182 approbat
483 2133 771 2170 conclusionem
810 2133 857 2170 de
895 2134 1020 2170 inesse
1059 2146 1174 2183 quam
1216 2133 1462 2182 predecessor
1501 2135 1582 2171 eins

259 2203 469 2252 Gregorius
500 2203 621 2240 eciam
653 2203 700 2240 de
735 2204 904 2252 possibili
939 2205 1072 2243 dicitur
1105 2204 1425 2253 condempnasse,
1458 2211 1497 2241 ut
1524 2205 1582 2242 vel

258 2276 311 2312 sic
332 2275 513 2311 doceatur
533 2274 690 2311 ecclesia
710 2286 827 2323 quam
848 2275 1064 2311 necessaria
1093 2281 1148 2311 est
1178 2275 1288 2311 matri
1320 2287 1386 2312 sue
1412 2283 1582 2324 potestas

259 2345 439 2383 secularis
471 2345 636 2390 brachii;
678 2353 715 2382 et
750 2352 790 2382 ut
824 2345 1004 2383 doceatur
1036 2346 1170 2382 iterum
1204 2346 1401 2394 quomodo
1433 2346 1483 2383 illi
1516 2348 1580 2396 qui

260 2416 484 2465 profitentur
504 2428 543 2453 se
564 2428 647 2454 esse
678 2416 897 2454 defensores
916 2417 1081 2454 veritatis
1102 2416 1277 2454 vacillant
1305 2429 1393 2454 cum
1421 2418 1580 2467 siligine,

207 2501 247 2531 30
260 2488 347 2524 licet
377 2488 457 2538 ipsa
477 2488 611 2525 veritas
641 2500 720 2524 non
750 2487 906 2525 vacillet.
964 2487 1055 2525 Non
1092 2488 1194 2524 enim
1225 2495 1380 2537 propter
1408 2489 1581 2526 venalem

41 2559 84 2591 27
103 2559 139 2588 b.
261 2558 523 2607 prodicionem
553 2570 763 2595 consensus
790 2558 827 2594 in
849 2559 1071 2608 oppositum
1095 2559 1115 2581 *
1138 2558 1304 2595 veritatis
1325 2559 1387 2595 wlt
1418 2571 1583 2608 sponsus

261 2628 416 2667 ecclesie
465 2629 624 2666 aufferre
673 2629 863 2666 sinistrum
911 2628 1109 2666 brachium
1158 2641 1300 2678 sponse
1348 2642 1427 2667 sue.
1485 2630 1580 2668 Ideo

262 2700 428 2747 garriant
458 2699 658 2737 adversarii
690 2700 853 2737 veritatis
882 2700 1064 2749 quicquid
1097 2700 1294 2745 voluerint,
1329 2713 1484 2738 necesse
1525 2708 1580 2738 est

262 2778 421 2808 matrem
453 2771 652 2808 ecclesiam
687 2770 826 2808 habere
862 2771 1047 2808 seculares
1081 2771 1271 2816 dominos,
1301 2778 1339 2807 ut
1370 2784 1488 2820 reges,
1519 2772 1815 2833 deissjrssffiglffisuklffj

208 2848 246 2879 35
261 2842 431 2887 vicarios⁷
466 2842 530 2891 qui
566 2842 786 2891 potestative
822 2842 941 2891 ipsam
976 2841 1183 2879 defendant
1215 2843 1277 2878 ubi
1309 2843 1435 2879 vicarii
1467 2829 1841 2880 Cristi¹0sd⁵ffl¹cvicars

581 2927 587 2944 ¹
613 2928 780 2970 scriptura,
799 2937 830 2959 Α.
1007 2928 1017 2944 ²
1041 2928 1138 2969 quod,
1156 2939 1215 2959 om.
1239 2937 1264 2958 κ.
