2018 3401
133 334 186 375 74
829 332 894 364 DE
926 331 1122 365 OFFICIO
1156 332 1312 365 REGIS.

408 437 503 474 libus
536 438 712 474 scienciis.
769 436 827 474 Et
861 443 925 474 tua
965 438 1060 475 dcbet
1086 439 1331 487 providencia
1368 438 1419 474 eis
1452 438 1492 473 in
1526 439 1741 474 necessariis

129 518 325 578 ‘lmdpcfrtance
338 519 370 578 og
409 509 606 546 subvenire.
680 508 764 545 Fac
801 510 966 557 aliquam
1005 511 1289 558 prerogativam
1329 509 1410 545 benc
1447 509 1673 545 studentibus
1709 514 1743 545 et

127 561 182 584 goo
226 561 298 583 ame,
313 561 347 578 an

128 585 192 612 how
205 592 233 612 to
245 586 313 619 gain
326 586 367 612 it!
401 579 681 628 proficientibus
717 584 751 616 et
776 579 873 629 per1
912 581 977 617 lzoc
1007 586 1147 629 prestes
1184 582 1273 617 aliis
1301 580 1507 617 scolaribus
1534 581 1739 628 exemplum

406 655 441 687 et
476 652 667 687 materiam
707 652 902 699 vigilandi.
959 650 1130 689 Exaudi
1154 653 1352 701 peticiones
1389 664 1523 696 eorum,
1562 652 1737 700 epistulas

405 723 520 770 recipe
565 720 622 758 et²
659 723 809 760 attende.
887 721 1071 760 Collauda
1119 724 1390 768 collaudandos,
1438 735 1632 760 remunera
1679 735 1734 759 re·
1749 729 1767 761 5

405 794 657 830 munerandos.
714 793 765 830 In
812 794 876 830 lzoc
923 795 1104 831 excaabz's
1152 796 1330 831 litteratos
1367 796 1421 831 ad
1454 800 1518 831 tua
1557 796 1736 843 preconia

403 864 622 909 extollenda,
644 869 678 901 et
695 865 862 913 adgesta
883 870 946 902 tua
967 866 1006 902 in
1026 867 1228 914 scripturis
1239 867 1494 915 perpetuanda
1512 896 1519 903 .
1542 895 1549 902 .
1573 896 1580 903 .
1602 865 1651 902 In
1671 866 1737 902 hoc

404 926 610 972 honoratur
652 938 855 985 imperium,
895 938 1088 974 decoratur
1131 950 1295 986 regnum,
1335 939 1572 974 illuminatur
1616 939 1737 982 curia,

405 1008 583 1044 annuales
635 1012 668 1044 et
715 1012 820 1056 gesta
873 1009 1016 1057 regalia
1067 1010 1232 1045 memorie
1284 1010 1411 1045 melius
1462 1010 1733 1045 contendantur.

409 1077 513 1122 Quid
541 1079 757 1115 sublimavit
788 1091 941 1127 regnum
980 1078 1216 1123 Grecorum;
1255 1081 1346 1128 quid
1372 1085 1478 1129 gesta
1511 1093 1633 1116 eorum
1663 1087 1737 1129 per
1752 1097 1792 1118 10

403 1153 514 1186 totum
554 1151 728 1186 mundum
758 1152 1022 1199 perpetualiter
1058 1152 1280 1201 diffamavit.
1323 1149 1341 1169 *
1387 1151 1472 1187 Hoc
1500 1153 1624 1187 certe?
1638 1151 1740 1201 fecit
1750 1156 1909 1186 F01.125
1923 1164 1954 1186 a.

405 1221 603 1269 diligencia
634 1222 859 1258 studencium
892 1227 926 1259 et
952 1223 1123 1271 probitas
1153 1220 1376 1271 sapientum.'
1436 1222 1613 1259 Sciencia
1643 1235 1737 1272 ergo

406 1304 527 1340 regno
556 1293 795 1330 necessarior
824 1293 1055 1331 honoracior
1083 1302 1120 1331 et
1149 1294 1319 1342 undique
1353 1294 1481 1331 utilior
1510 1294 1625 1331 debet
1655 1305 1736 1330 arn-

125 1375 365 1442 }xysstgldwtgaualgthe
405 1362 504 1411 plius
544 1363 726 1401 affectari.
783 1363 819 1402 O
865 1365 896 1401 si
931 1376 1067 1402 omnes
1106 1371 1333 1414 patronatus
1372 1364 1510 1413 Anglie
1540 1365 1580 1401 in
1618 1377 1737 1401 manu

125 1443 220 1480 assign
231 1444 267 1469 a11
279 1450 391 1502 ptatrqn-
405 1442 568 1481 mortua,
592 1435 726 1472 saltem
754 1435 801 1472 de
828 1448 909 1473 non
936 1436 1193 1485 appropriatis
1220 1436 1404 1482 ecclesiis,
1435 1436 1558 1473 forent
1588 1435 1734 1472 limitati
1752 1443 1788 1475 15

124 1486 178 1510 age
192 1486 219 1502 ΙΠ
233 1486 292 1503 mor
307 1487 381 1503 main

125 1511 344 1577 {zlsseologians
406 1517 475 1554 per
506 1518 636 1555 regem
676 1505 876 1556 theologis,
903 1507 955 1544 sic
990 1507 1096 1556 quod
1133 1507 1276 1557 ydonei
1316 1507 1485 1556 theologi
1527 1507 1651 1545 forent
1685 1507 1736 1544 ad

405 1585 557 1615 curatas
591 1577 773 1615 ecclesias
806 1579 1023 1627 presentati,
1055 1591 1173 1628 quam
1202 1579 1413 1628 gloriosum
1445 1578 1542 1616 foret
1572 1591 1735 1627 regnum

405 1655 578 1685 nostrum
610 1655 722 1698 atque
755 1648 987 1686 fructiferum
1018 1662 1086 1699 per
1116 1662 1248 1687 semen
1280 1651 1367 1688 fidei
1398 1650 1548 1687 incultis
1578 1650 1737 1687 subditis

124 1723 391 1786 ἷξίἒῃζνέιὲῐέἑιέτω
404 1732 471 1769 per
497 1719 702 1770 theologos
731 1721 983 1758 seminatum!
1041 1721 1090 1758 Et
1121 1734 1210 1758 curn
1240 1721 1331 1758 illud
1358 1722 1451 1758 nulli
1482 1728 1638 1759 noceret
1667 1721 1736 1758 sed

123 1793 206 1818 much
218 1794 302 1826 g00d·
404 1792 485 1840 regi
506 1798 542 1828 et
566 1803 687 1840 regno
714 1792 884 1840 undique
913 1792 1130 1841 proficeret,
1152 1793 1300 1830 videtur
1326 1793 1431 1842 quod
1459 1805 1526 1830 rex
1555 1792 1644 1830 facit
1665 1792 1735 1829 sibi
1751 1806 1792 1828 20

123 1854 186 1880 The
202 1854 279 1887 King
291 1855 380 1881 there-

122 1887 181 1913 fore
194 1889 261 1914 does
274 1888 342 1914 him-

123 1922 369 1988 {Jffiffissf'gugck
404 1934 584 1971 retardat.
642 1933 746 1970 Nam
785 1934 824 1970 in
855 1933 915 1970 De
947 1934 1111 1972 Secretis
1149 1936 1317 1984 capitulo
1347 1936 1408 1972 νί.·1
1442 1935 1496 1972 sic
1531 1935 1737 1983 alloquitur
1750 1939 1780 1969 Ι.

404 1870 440 1899 et
472 1874 593 1911 regno
624 1863 863 1898 maximam³
893 1863 1081 1906 iniuriam,
1107 1864 1213 1912 quod
1244 1865 1293 1901 ab
1328 1876 1443 1913 opere
1470 1863 1652 1901 laudabili
1684 1864 1736 1901 sic

123 1989 239 2049 &23⁵⁰
251 1990 357 2022 g⁰⁰da
402 2005 626 2042 Aristoteles
664 2005 939 2051 Alexandrum,
988 2005 1110 2044 ‘Cum
1158 2019 1241 2044 vcro
1289 2019 1361 2044 rex
1408 2008 1544 2043 viderit
1588 2007 1742 2054 aliquod

403 2076 532 2113 bonum
563 2076 580 2095 *
603 2082 638 2114 et
668 2079 754 2114 utile
771 2078 1006 2128 faciendum,
1026 2079 1174 2128 saciat,
1205 2092 1267 2115 nec
1295 2079 1408 2115 nimis
1438 2079 1507 2115 cito
1538 2091 1598 2114 nec
1624 2079 1736 2114 nimis
1748 2084 1790 2114 17
1807 2091 1838 2111 a.

124 2161 162 2186 At
174 2167 285 2193 present
299 2161 335 2187 au
402 2149 506 2185 tarde
534 2162 576 2185 ne
604 2150 776 2186 videatur
799 2150 974 2187 remissus
993 2151 1052 2187 vel
1077 2150 1317 2199 impetuosus)
1375 2149 1589 2186 Volvamus
1609 2149 1734 2198 itaque
1747 2123 1951 2199 ἓζὲῗξὲἐξεὶ.

124 2194 248 2221 benefice
261 2195 373 2221 seekers

123 2228 356 2294 Ξξςέτζὲῗξὲἔηε
402 2227 543 2257 statum
580 2233 833 2269 personarum
872 2221 986 2259 hodie
1025 2222 1074 2258 ad
1113 2222 1183 2258 ista
1231 2221 1417 2259 beneficia
1465 2226 1732 2270 promotarum
1745 2212 1828 2244 ανί-

124 2295 271 2355 {Zffibffi}
283 2296 369 2355 {252⁶
404 2291 605 2340 quomodo
626 2298 705 2328 tam
726 2291 832 2340 digni
853 2304 971 2340 quam
994 2292 1141 2341 indigni
1166 2300 1391 2341 sumptuose
1419 2299 1555 2341 petunt
1575 2291 1731 2337 curiam,

123 2362 438 2422 {fficgissdffl‘ssony’et
483 2361 572 2399 hinc
611 2374 775 2411 persone
819 2375 864 2400 ac
913 2364 1020 2412 regni
1069 2364 1290 2401 substancia
1337 2364 1593 2408 destruuntur,
1631 2362 1732 2399 illinc

124 2429 341 2490 {gsseiffissssssagssfl
402 2432 522 2470 multe
544 2445 708 2482 persone
736 2433 890 2482 ydonee
910 2435 1132 2482 symoniace
1158 2434 1420 2480 admittuntur,
1442 2442 1478 2472 et
1503 2434 1665 2471 finaliter
1693 2434 1733 2470 in

123 2497 288 2562 ζξξξξζξεῗῖε
402 2510 627 2552 contemptu
648 2504 746 2553 regis
767 2511 804 2541 et
834 2505 940 2553 regni
969 2506 1183 2554 periculum
1211 2506 1320 2543 inscii
1348 2506 1435 2543 elati
1464 2506 1544 2554 regi
1574 2505 1732 2542 rebelles
1748 2514 1786 2546 25

401 2581 438 2611 et
477 2574 622 2623 populo
661 2574 814 2612 inutiles
852 2575 1102 2624 perferuntur.
1161 2576 1271 2614 Talis
1308 2577 1413 2613 enim
1453 2576 1568 2613 saltus
1607 2588 1732 2614 rome-

403 2652 576 2694 petarum
608 2651 665 2682 est
697 2646 945 2683 seminarium
977 2647 1120 2684 zizanie
1147 2648 1417 2685 contencionis
1445 2655 1481 2684 et
1511 2647 1599 2692 odii,
1630 2647 1733 2684 unde

402 2728 564 2764 regnum
584 2723 759 2753 nostrum
780 2717 897 2754 lacius
918 2718 1125 2755 intricatur.
1183 2718 1267 2756 Rex
1292 2726 1420 2755 autem
1450 2730 1529 2756 non
1558 2717 1654 2756 foret
1684 2730 1731 2755 ex

401 2786 464 2823 tali
494 2788 779 2825 sustentacione
809 2788 898 2826 cleri
929 2789 986 2826 sui
1014 2801 1091 2838 quo
1115 2789 1164 2826 ad
1184 2789 1406 2827 thesaurum
1435 2789 1505 2826 sibi
1535 2789 1732 2839 proprium

447 2884 455 2901 ¹
482 2890 515 2915 ut
540 2895 600 2926 pro
617 2890 681 2926 pro
704 2890 735 2917 et
759 2896 825 2928 per,
843 2894 878 2925 A,
898 2894 926 2917 Β.
1016 2886 1028 2903 ²
1051 2887 1191 2928 recipere
1207 2891 1271 2928 pro
1286 2887 1393 2929 recipe
1409 2891 1451 2926 et,
1470 2894 1501 2918 Β.
1591 2887 1602 2904 ³
1626 2886 1732 2916 mani-

402 2936 517 2967 festam
535 2941 600 2978 pro
617 2938 805 2977 maximam,
827 2946 855 2969 Β.
946 2938 957 2956 ⁴
982 2938 1025 2978 ix:
1043 2948 1081 2976 Α;
1109 2947 1158 2978 ιο,
1178 2946 1207 2969 Β.
