2018 3401
672 303 738 334 DE
770 303 965 335 OFFICIO
999 302 1152 334 REGrs.
1774 295 1851 347 185

243 409 348 446 bona
386 408 557 454 ecclesie,
593 407 728 458 supple
767 408 852 446 licet
887 408 1107 457 imperatori
1146 407 1319 456 accipere
1359 408 1464 445 bona
1503 409 1575 445 sub

242 480 396 517 racione
431 492 507 529 qua
541 486 629 516 sunt
663 491 742 525 sua,
775 479 841 516 sed
876 479 924 516 ad
958 491 1072 516 usum
1107 478 1290 525 ecclesie3
1335 491 1415 516 non
1447 486 1573 516 autern

242 550 326 588 licet
346 550 507 588 aufferre
538 550 600 586 illa
631 550 684 587 sic
716 550 820 599 quod
850 562 929 587 non
959 550 1108 599 prosint
1137 550 1296 587 usuariis
1317 550 1486 596 ecclesie,
1516 549 1574 587 vel

242 621 349 658 cedat
382 633 517 658 eorum
555 621 706 658 ablacio
738 621 786 658 ad
819 621 1031 670 dampnum
1069 620 1291 658 universalis
1331 621 1502 667 ecclesie,
1535 627 1572 658 et

209 693 353 732 5istam
373 692 539 741 logicam
569 692 746 729 subtilem
776 692 956 741 ignorant
985 692 1258 741 impugnantes
1287 692 1398 730 istam
1420 699 1572 729 senten-

240 764 352 801 ciam.
410 763 461 800 Et
495 770 599 812 patet
629 763 771 812 quam¹
803 775 946 811 magna
985 770 1042 800 est
1081 764 1224 801 cecitas
1253 771 1472 801 nostrorum
1504 765 1570 813 qui

238 840 375 883 putant
396 846 443 871 ex
468 834 539 871 isto
562 834 717 872 decreto
749 834 879 871 doceri
912 834 1016 884 quod
1048 847 1128 871 non
1158 834 1244 872 licet
1274 835 1353 884 regi
1373 835 1432 872 vel
1462 835 1572 873 alicui

239 904 398 941 seculari
438 904 597 942 domino
635 905 843 942 rectificare
883 905 939 942 vel
978 905 1179 943 meliorare
1226 917 1339 943 usum
1378 907 1571 944 bonorum

201 985 205 989 '
237 975 410 1014 ecclesie.
467 975 577 1013 Licet
607 976 712 1013 enim
745 976 784 1012 in
814 988 905 1014 casu
940 989 1019 1026 quo
1051 977 1249 1014 immineat
1284 978 1493 1015 necessitas
1523 978 1572 1014 ad

187 1046 504 1085 10defensionem
543 1047 702 1084 civitatis
741 1047 939 1084 basilicam
988 1055 1232 1097 prosternere
1271 1056 1307 1086 et
1347 1049 1396 1085 ibi
1438 1049 1571 1086 turrim
1586 1056 1718 1115 lltukopitd
1732 1056 1852 1116 bessuite

1596 1099 1669 1116 awu
1706 1100 1772 1122 opu

239 1124 485 1164 construere3
517 1118 654 1155 calices
673 1118 838 1156 vendere
858 1118 916 1156 vel
945 1119 1111 1157 conflare
1132 1126 1168 1156 et
1188 1120 1359 1168 precium
1389 1120 1572 1157 militibus
1585 1124 1667 1149 down
1681 1133 1697 1149 a
1713 1124 1818 1150 church

1584 1158 1638 1183 and
1651 1158 1727 1183 build
1739 1167 1755 1183 a
1765 1164 1852 1183 tower

240 1189 477 1234 ministrare;
530 1189 630 1238 quia,
671 1201 758 1227 curn
806 1190 952 1239 lapides
990 1190 1061 1227 vivi
1109 1198 1195 1228 sunt
1242 1191 1419 1228 meliores
1469 1191 1853 1256 saxisffgisseglrssfffffie‘fg

238 1260 488 1306 terrestribus,
508 1266 596 1297 tunc
618 1260 838 1298 melioratur
857 1273 993 1298 eorum
1014 1273 1108 1299 usus
1129 1262 1286 1311 quando
1306 1262 1353 1299 ad
1371 1262 1569 1300 utilitatem
1583 1258 1746 1318 §gfflgffssm
1760 1268 1816 1291 pay

237 1331 397 1368 ecclesie
419 1332 592 1368 membra
608 1332 688 1368 eius
708 1332 954 1381 corporaliter
967 1332 1024 1369 vel
1041 1333 1282 1381 spiritualiter
1298 1340 1570 1371 sustentantur.

187 1410 224 1442 15
238 1402 286 1439 Et
307 1401 356 1438 ad
376 1401 486 1438 istam
508 1401 773 1440 defensionem
803 1403 962 1440 ecclesie
984 1403 1031 1440 de
1052 1404 1164 1441 bonis
1184 1404 1347 1453 propriis
1376 1404 1571 1454 principes

237 1472 355 1510 seculi
385 1472 613 1522 obligantur,
640 1473 843 1522 spoliando
877 1474 907 1511 si
937 1481 1088 1524 oportet
1120 1487 1256 1512 avaros
1286 1476 1519 1524 presbiteros
1549 1489 1571 1513 a

236 1544 348 1582 bonis
383 1544 545 1581 ecclesie
578 1557 653 1594 que
687 1545 825 1582 iniuste
858 1552 1050 1594 occupant
1082 1553 1269 1596 tanquam
1306 1559 1386 1584 sua.
1453 1546 1569 1585 Unde
1583 1557 1850 1617 Τὴῖεᾱῐζῇηεῖςξῑηὲς

1582 1601 1619 1617 no
1645 1601 1676 1617 su
1696 1601 1742 1624 Jec
1781 1601 1797 1618 o

237 1621 388 1664 oportet
427 1615 669 1653 decretistam
701 1622 834 1653 notare
874 1616 1075 1665 quomodo
1113 1629 1174 1655 res
1209 1617 1335 1654 divine
1374 1630 1448 1666 que
1489 1631 1568 1656 non
1581 1626 1809 1691 {gegagraxssot

236 1687 437 1724 subiacent
458 1687 609 1724 Cesaris
636 1688 816 1736 potestati
846 1700 925 1725 non
957 1694 1045 1725 sunt
1067 1689 1170 1726 bona
1190 1689 1261 1726 ist‘a
1281 1690 1504 1736 materialia,
1528 1696 1568 1726 ut
1581 1693 1807 1759 ffiffiiiisi'ffihtssfi

185 1772 225 1793 20
238 1770 386 1803 aurum,
413 1759 679 1795 vestimentum
714 1758 772 1795 vel
804 1759 961 1808 lapides,
990 1760 1057 1797 sed
1088 1760 1210 1797 cultus
1241 1760 1301 1798 dei
1334 1762 1399 1810 qui
1431 1760 1760 1798 instru-fflesseassist·

237 1829 452 1866 mentaliter
491 1842 537 1866 ex
573 1829 627 1866 eis
659 1830 852 1878 prevenit3
894 1838 930 1867 et
962 1830 1024 1868 ille
1056 1831 1182 1880 sepius
1218 1840 1421 1880 augeretur
1455 1832 1568 1870 bonis

235 1900 496 1938 materialibus
544 1901 704 1938 ecclesie
744 1901 867 1938 eciam
906 1908 1041 1939 coacte
1086 1914 1155 1951 per
1192 1902 1311 1940 laicos
1358 1903 1568 1940 distributis

235 1972 445 2021 egentibus.
504 1972 594 2009 Hoc
629 1979 758 2010 tamen
790 1985 870 2010 non
908 1973 1022 2011 debet
1055 1973 1134 2011 fieri
1169 1974 1240 2012 nisi
1274 1975 1497 2012 auctoritate
1531 1982 1568 2012 et

235 2042 395 2080 consilio
427 2043 660 2089 sacerdotis;
702 2050 739 2080 et
759 2044 835 2081 sive
870 2044 1053 2083 sacerdos
1088 2052 1281 2094 superstes
1311 2045 1461 2082 affuerit
1492 2046 1567 2083 sive

183 2128 222 2159 25
237 2113 395 2151 defuerit
442 2114 480 2150 in
522 2114 595 2151 isto
652 2115 813 2152 consilio
861 2116 1067 2153 auctoritas
1115 2115 1231 2153 Cristi
1278 2122 1315 2153 et
1363 2117 1566 2154 consilium

235 2184 429 2221 Ambrosii
464 2185 709 2223 sacerdotum
747 2185 907 2224 ecclesie
942 2186 1012 2228 erit
1043 2193 1181 2235 presto.
1239 2186 1359 2232 Bona,
1393 2188 1840 2261 inquam’ssgffffdmssffirissffmh

1622 2254 1625 2255 t
1654 2240 1665 2253 s
1737 2241 1750 2256 c
1807 2241 1821 2257 c

17 2247 149 2322 ssgcrgitt·
235 2255 444 2292 materialia
462 2255 699 2305 parvipendit
713 2256 882 2293 ecclesia.
942 2256 1038 2294 Ideo
1059 2257 1169 2295 docet
1186 2256 1382 2295 decretum
1399 2270 1565 2307 sequens
1578 2264 1758 2323 rcxgffiisstittle

18 2345 45 2366 c.
67 2316 117 2367 ἐκ,
145 2315 152 2321 ’
236 2325 436 2374 quomodo
463 2325 658 2363 Tribulum
672 2325 685 2344 ²
706 2328 744 2363 z'n
769 2340 828 2363 ore
840 2329 959 2375 piscis
971 2329 1140 2376 piscante
1159 2328 1275 2365 Petro
1295 2330 1480 2366 inventum
1502 2334 1564 2374 esl,
1665 2317 1672 2323 ⁵

235 2398 323 2445 quia
343 2397 383 2433 de
401 2398 648 2434 exlerz‘om‘bus
675 2399 754 2434 suis
782 2411 848 2446 que
868 2399 1000 2447 palam
1022 2400 1162 2436 cunclr's
1181 2403 1363 2448 apparenl
1387 2400 1564 2437 tribulum

181 2479 223 2510 30
235 2469 380 2505 ecclesia
401 2469 526 2505 reddit.
584 2468 653 2506 Illa
673 2476 802 2506 autem
824 2476 911 2506 sunt
931 2469 1039 2508 valde
1056 2477 1238 2508 extranea
1259 2477 1296 2507 et
1316 2471 1565 2508 accidentalia
1577 2477 1802 2537 Lhneglatrgsscgi-

234 2538 406 2584 ecclesie,
427 2546 467 2576 ut
487 2546 601 2577 stater
630 2540 736 2588 pisci,
757 2547 794 2577 et
824 2539 1009 2578 fluxibilia
1041 2541 1137 2579 sicut
1161 2554 1282 2591 aqua;
1314 2548 1402 2579 sunt
1431 2555 1564 2580 neces·
1577 2545 1796 2610 giggffsizfge

235 2610 334 2648 saria
367 2617 588 2660 tegumenta
618 2618 655 2649 et
688 2611 880 2657 alimenta,
915 2619 952 2649 et
989 2612 1042 2650 sic
1075 2612 1170 2651 soret
1202 2613 1251 2650 ad
1279 2613 1562 2662 perfeccionem
1576 2606 1808 2671 iissffii'iff'ii’eem

1575 2679 1649 2703 fish's
1664 2679 1759 2704 mouth
1773 2679 1830 2704 and

1573 2712 1637 2744 pnid
1651 2722 1682 2737 as
1696 2713 1798 2738 tribute

235 2682 394 2719 ecclesie
415 2682 444 2719 si
465 2689 590 2732 preter
608 2683 735 2720 media
762 2683 846 2720 usui
877 2683 966 2720 cleri
1000 2682 1122 2721 forent
1141 2684 1190 2720 ad
1220 2696 1310 2721 usus
1339 2684 1433 2721 alios
1461 2696 1560 2721 rese-

1551 2755 1556 2761 ·
1572 2755 1628 2771 was
1642 2746 1796 2772 accidental
1811 2752 1839 2772 to

236 2759 332 2790 cata.
388 2752 438 2790 Et
458 2753 528 2791 hec
549 2754 745 2792 sentencia
765 2754 883 2791 movit
903 2765 966 2791 me
987 2753 1035 2790 ad
1057 2754 1262 2791 dicendum
1287 2754 1392 2804 quod
1413 2755 1559 2792 domini
1573 2779 1620 2804 ,he
1634 2779 1694 2809 ffih,
1710 2786 1757 2805 „ot
1771 2789 1823 2805 one

1527 2827 1533 2833 ·
1573 2813 1604 2838 os
1615 2813 1650 2838 its
1664 2822 1812 2845 necessary

182 2828 221 2860 35
237 2824 469 2873 temporales
506 2832 668 2874 possunt
705 2825 868 2862 aufferre
907 2825 1011 2862 bona
1049 2825 1275 2874 temporalia
1313 2826 1362 2862 ab
1400 2825 1658 2879 ecclcsiapaffi,

384 2909 391 2926 ¹
417 2910 504 2951 quod
522 2916 585 2952 pro
602 2921 710 2953 quam,
730 2920 762 2942 Α.
939 2912 950 2928 '²
974 2911 1010 2942 in
1029 2922 1131 2952 mmgr.
1149 2911 1256 2943 Stater
1271 2912 1365 2953 pisci,
1386 2920 1413 2944 Β.
