2018 3401
125 325 206 368 234
780 325 844 355 DE
877 325 1069 357 OFFICIO
1101 325 1257 357 REGIS.

120 435 370 501 ffledrfffissgod?
400 427 588 476 profunde
616 428 912 466 excomunicare
933 435 974 466 ut
994 429 1101 467 deus.
1160 428 1324 477 Oportet
1354 430 1456 466 enirn
1478 429 1566 467 dare
1587 430 1727 479 gradus

119 503 306 562 ῗῖξὶεξρῗννετ,
399 498 789 544 excomunicacionis‚
823 506 862 536 ut
897 505 1001 548 patet
1035 499 1082 537 de
1115 500 1484 538 excomunicacione
1522 501 1656 538 maiori
1691 507 1727 538 et

398 570 548 607 minori.
623 568 673 606 Et
711 570 856 607 videtur
894 570 998 619 quod
1043 571 1106 617 sic,
1147 571 1236 620 quia
1283 571 1332 608 ad
1379 583 1538 609 omnem
1585 583 1727 621 penam

401 647 627 689 perpetuam
666 641 715 678 ad
750 653 867 690 quam
903 641 997 678 deus
1029 648 1155 691 potest
1193 642 1491 679 excomunicare
1528 641 1727 679 hominem

401 717 527 760 potest
548 722 659 760 papa,
683 711 778 748 sicut
800 711 956 749 faciliter
977 713 1214 750 convincitur
1233 712 1489 762 falsigraphus
1507 712 1726 751 concedens
1741 727 1758 759 5

400 782 635 831 oppositum.
693 781 839 820 Ymmo
878 783 907 820 si
950 794 1032 820 non
1070 783 1245 821 credatur
1282 795 1382 833 pape
1421 783 1727 821 anatematisanti

402 852 600 890 hominem
623 853 762 890 eternis
783 853 948 902 ignibus,
971 853 1027 891 vel
1048 860 1235 903 quantum
1266 854 1358 891 deus
1379 860 1517 903 potest,
1538 866 1605 903 per
1625 854 1726 892 idern

119 935 256 974 Butsuch
269 945 305 962 an
404 936 604 973 nunquam
633 924 850 961 crederetur
880 924 962 961 sibi.
1021 923 1098 962 Sed
1128 924 1376 961 deliramenta
1406 931 1493 961 sunt
1524 925 1606 970 ista,
1638 925 1728 974 quia

117 978 226 1036 ῗῗνδιψηζ
238 979 261 996 ’5
274 979 342 1002 pure
402 995 496 1032 deus
516 995 782 1032 excomunicat
802 995 842 1031 in
862 995 993 1043 aliquo
1013 1007 1151 1044 genere
1182 995 1231 1032 ad
1261 996 1368 1032 cuius
1396 995 1543 1032 nullum
1563 995 1727 1044 gradum

401 1077 502 1114 papa
523 1071 649 1114 potest
669 1065 868 1114 attingere,
890 1077 979 1103 cum
1001 1066 1047 1102 sit
1067 1065 1192 1103 nudus
1212 1065 1478 1114 promulgator
1502 1065 1725 1103 excomuni-
1743 1077 1784 1100 10

402 1136 572 1174 cacionis
596 1135 734 1181 divine,
758 1142 794 1173 et
824 1148 913 1184 sepe
943 1142 1086 1174 temere
1114 1135 1253 1173 falsum
1285 1136 1384 1173 dicit.
1439 1136 1489 1173 Et
1511 1136 1563 1173 ita
1582 1135 1728 1173 videtur

397 1207 526 1244 omnis
569 1207 885 1245 excomunicacio
933 1206 1104 1243 humana
1155 1204 1284 1259 [nihil]
1333 1207 1406 1244 nisi
1454 1206 1728 1244 denuncciacio

403 1277 781 1316 excomunicacionis
812 1277 949 1315 divine.
1006 1277 1057 1314 Et
1086 1277 1137 1314 ita
1166 1284 1255 1314 sunt
1284 1277 1426 1327 gradus
1455 1277 1727 1315 excomunica-

399 1349 555 1387 cionum
579 1347 596 1367 '¹‘
621 1348 835 1386 secundum
860 1347 1001 1397 gradus
1022 1348 1388 1386 inobedienciarum.
1446 1348 1542 1387 Ideo
1571 1359 1726 1386 necesse
1739 1354 1900 1385 F01.169
1913 1361 1944 1384 a.

396 1426 452 1457 est
473 1431 709 1468 cognoscere
728 1418 927 1456 materiam
949 1418 1173 1456 obediencie
1186 1417 1209 1456 1.
1743 1421 1780 1454 ι5

119 1501 202 1526 Asto
215 1508 323 1525 excom·
453 1493 484 1531 ἿῙ
506 1489 636 1539 quoad
668 1488 753 1526 2¹n2
773 1495 963 1538 punctum
997 1488 1132 1527 dicitur
1160 1488 1278 1535 Quod
1308 1489 1545 1527 contrarians
1574 1488 1727 1527 ordina-

120 1533 290 1559 munication
311 1533 352 1558 sor

118 1566 359 1626 gffsslgcreldgerffig-to
399 1560 503 1598 cioni
523 1560 704 1605 humane,
725 1572 815 1598 cum
840 1559 886 1597 sit
918 1559 1122 1597 racionalis
1153 1566 1189 1597 et
1221 1559 1359 1597 debeat
1390 1559 1489 1597 sibi-⁹³
1509 1572 1592 1597 esse
1624 1565 1727 1606 nota,
1778 1551 1784 1558 ⁸

115 1632 354 1692 235353032222·i5
401 1643 480 1669 non
511 1638 569 1669 est
599 1643 646 1668 eo
673 1630 1005 1668 excomunicacior
1037 1636 1129 1679 aput
1160 1629 1287 1676 deum,
1316 1630 1384 1668 sed
1415 1630 1730 1668 excomunicatus

117 1700 352 1766 glffigffijglfig
398 1702 496 1740 foret
527 1701 866 1747 contraveniendo,
888 1701 975 1738 licet
1007 1713 1123 1739 nemo
1152 1701 1243 1738 citra
1273 1700 1443 1739 Cristum
1474 1701 1598 1738 taliter
1628 1700 1729 1739 ordi-

117 1767 165 1793 ὼε
178 1766 361 1793 W³¹¹⁰¹G0d·
399 1779 537 1811 nasset.
595 1771 711 1809 Unde
731 1772 879 1809 videtur
899 1771 1004 1821 quod
1026 1771 1151 1809 solum
1176 1771 1334 1809 obedire
1364 1771 1477 1809 debet
1507 1771 1728 1809 affirmative
1743 1782 1784 1805 20

400 1843 592 1880 mandatis
612 1843 792 1892 prepositi
813 1842 859 1879 de
881 1849 1027 1891 quanto
1057 1843 1217 1891 precipit
1238 1842 1474 1880 voluntatem
1495 1842 1566 1879 dei.
1625 1841 1728 1879 Nam

401 1914 475 1951 deo
514 1913 629 1951 debet
666 1913 838 1962 precise⁴
877 1912 1022 1950 obediri
1061 1913 1110 1949 ad
1149 1920 1310 1950 tantum.
1386 1912 1599 1959 Quomodo
1638 1924 1732 1961 ergo

405 1984 626 2022 obediretur
646 1983 794 2020 homini
815 1983 902 2032 plus
922 1995 1038 2032 quam
1059 1982 1172 2020 Deo?
1230 1983 1502 2020 Obediendum
1528 1989 1584 2020 est
1604 1983 1732 2031 itaque

398 2055 551 2093 homini
590 2055 778 2103 negative,
814 2060 850 2091 et
884 2054 936 2091 ita
973 2053 1188 2091 secundum
1224 2054 1339 2091 aliam
1377 2054 1574 2091 racionem
1613 2066 1730 2102 quam

404 2125 622 2163 obediretur
656 2124 862 2162 inmediate
898 2124 983 2162 deo.
1041 2123 1135 2162 Non
1168 2130 1297 2162 tamen
1332 2124 1579 2173 multiplicius
1613 2136 1730 2173 quarn
1744 2131 1783 2163 25

405 2197 491 2243 deo,
535 2207 624 2233 eum
664 2196 792 2233 omnis
831 2195 1056 2232 obediencia
1095 2195 1208 2232 debet
1246 2194 1373 2232 referri
1411 2195 1460 2233 ad
1499 2195 1625 2241 deum,
1660 2207 1732 2232 nec

401 2278 588 2316 umquam
636 2267 751 2304 debet
798 2266 981 2303 obedire⁵
1028 2265 1176 2303 homini
1223 2266 1406 2315 negative,
1455 2266 1526 2303 nisi
1574 2265 1731 2315 quando

403 2337 653 2386 cognoscitur
689 2336 796 2385 quod
843 2336 938 2373 deus
976 2336 1039 2373 wlt
1078 2336 1300 2386 oppositum
1339 2336 1510 2373 mandati
1552 2336 1731 2373 hominis.

400 2408 517 2445 Tunc
540 2408 643 2445 enirn
664 2407 910 2456 cognoscitur
940 2406 1046 2455 quod
1077 2407 1172 2444 deus
1202 2395 1360 2444 mandat
1380 2407 1419 2443 in
1440 2419 1487 2444 eo
1510 2407 1732 2456 oppositum

401 2484 438 2515 et
460 2489 552 2515 cum
571 2489 692 2514 unum
714 2477 982 2526 oppositorum
1004 2477 1094 2514 dicit
1122 2477 1312 2526 reliquum
1333 2477 1414 2525 ipse
1435 2476 1525 2514 dicit
1549 2477 1729 2514 indirecte
1742 2480 1784 2511 30

402 2548 507 2597 quod
535 2554 713 2596 pareatur
741 2547 779 2583 in
808 2547 890 2584 eius
920 2548 1111 2596 opposito,
1142 2555 1178 2585 et
1205 2548 1259 2585 sic
1288 2559 1368 2585 non
1395 2554 1449 2584 est
1470 2547 1731 2585 obediendum

404 2617 552 2656 homini
599 2624 732 2655 contra
771 2617 1008 2655 voluntatem
1053 2617 1125 2654 dei.
1184 2616 1302 2663 Quod
1342 2617 1371 2653 si
1411 2617 1548 2654 debeat
1586 2617 1732 2655 obediri

120 2698 196 2723 How
210 2697 276 2723 then
290 2705 338 2723 are
403 2694 554 2737 oportet
583 2689 689 2737 quod
710 2687 805 2725 deus
826 2687 913 2724 velit
933 2695 974 2725 ut
995 2688 1047 2725 sic
1069 2687 1279 2725 obediatur.
1336 2687 1385 2723 Et
1406 2688 1436 2724 si
1457 2688 1626 2736 queritur
1641 2687 1733 2736 quid

119 2730 344 2790 iiigiigffiffltil?
403 2759 500 2796 valet
534 2765 760 2807 preceptum
797 2757 965 2795 hominis
996 2758 1053 2795 vel
1087 2757 1314 2795 obediencia
1347 2757 1417 2794 sibi
1451 2757 1562 2803 facta,
1597 2758 1733 2795 dicitur

446 2852 456 2870 ¹
481 2852 521 2884 de
539 2852 741 2890 obediencia,
759 2852 796 2882 in
813 2862 916 2892 marg.
935 2860 969 2882 A.
1074 2850 1086 2868 ²
1111 2857 1167 2890 3¹¹²,
1184 2861 1214 2882 Α.
1320 2851 1331 2867 ³
1356 2862 1423 2882 esse
1438 2852 1509 2887 sibi,
1526 2851 1592 2882 ord.
1612 2851 1680 2883 inv.
1700 2859 1729 2882 B.

400 2903 410 2920 ⁴
436 2906 484 2942 pe,
504 2911 532 2933 B.
623 2903 634 2919 ⁵
659 2903 802 2939 obedire,
822 2912 851 2933 A.
