2018 3401
61 326 141 365 142
760 322 825 353 DE
859 322 1053 354 OFFICIO
1087 322 1243 354 REGIS.

57 440 112 466 But
126 439 174 465 the
187 437 274 464 maxi·
336 429 434 466 filius
464 428 536 475 dei,
562 427 579 447 ⁵⁵
602 428 720 466 habet
741 429 868 466 omnis
887 428 1017 474 homo,
1040 428 1107 466 sed
1127 441 1227 466 unus
1247 428 1333 478 plus
1353 435 1390 465 et
1411 428 1506 465 alius
1526 429 1666 475 minus,
1678 438 1833 469 F01.143
1845 439 1882 470 b.

56 483 132 500 mum
145 474 177 499 of
187 473 234 498 the

52 506 325 574 {Zif-fffflffiffiiy
337 508 374 538 et
394 500 479 538 talis
500 506 669 550 potestas
689 507 846 538 vocatur
866 500 1072 538 auctoritas
1092 512 1114 537 a
1134 499 1377 549 quibusdam.
1435 499 1667 549 Simpliciter

53 574 257 642 ἶρὲζίςὲζῗὲὲίἶγ
269 607 316 633 the
337 579 467 610 autem
497 572 707 609 maximam
736 577 967 620 potestatem
995 571 1092 608 inter
1111 571 1256 608 viantes
1285 570 1400 608 habet
1427 570 1526 609 filius
1546 571 1666 621 adop-

55 641 458 708 gffi‘ssssissssfssffssssssiossis
479 644 543 693 qui
563 650 620 680 est
640 643 897 681 excellencius
918 642 1028 680 heres
1057 640 1203 691 regni¹.
1259 643 1370 680 Absit
1401 650 1530 680 autern
1561 642 1666 693 quod

55 711 313 777 ξξξιῗὲῐζξτῡξξςῗώ
336 728 438 765 papa
458 715 514 752 vel
535 715 754 764 imperator,
774 715 992 751 membrum
1013 714 1168 759 diaboli,
1185 714 1323 752 habeat
1344 726 1365 751 a
1385 714 1459 752 deo
1479 714 1665 752 maiorem
1679 723 1697 755 5

336 793 567 836 potestatem
600 786 659 823 vel
698 786 966 823 auctoritatem
998 785 1217 835 simpliciter
1254 797 1371 836 quam
1411 785 1521 824 heres
1558 786 1667 834 regni

55 876 238 902 Thusosthe
335 858 507 895 celorum
539 857 605 907 qui
637 857 743 894 dabit
774 857 1051 894 beatitudinem
1074 857 1352 895 accidentalem
1384 856 1665 902 coherentibus,

54 909 324 970 ggffioesfflffiea
336 935 377 966 ut
399 930 534 967 dicitur
554 929 638 966 luce
658 929 726 965 vi0.
785 928 985 974 Quantum
1006 936 1136 965 autem
1150 927 1163 947 ²
1182 928 1231 966 ad
1252 935 1483 977 potestatem
1510 928 1667 978 regendi
1680 933 1772 966 Luke
1787 935 1830 966 vi.

54 978 280 1071 ἓὲἓῐῆῗίςέῗῖἓῖι
334 1001 614 1050 rempublicam
634 1000 695 1038 ille
715 999 831 1037 habet
848 1000 1035 1037 maiorem
1057 1000 1119 1037 cui
1141 1000 1234 1037 deus
1256 1000 1407 1038 comisit
1422 1001 1597 1038 virtutem
1618 1001 1667 1038 ad

53 1054 311 1111 τντῖἑεῗεώὲτὲῗιὲὴῐν
335 1073 549 1123 regendum
588 1072 776 1121 populum
816 1071 1009 1109 efficacius
1050 1071 1300 1109 conformiter
1338 1071 1414 1121 legi
1456 1084 1550 1118 sue3
1600 1072 1668 1110 sed
1683 1084 1724 1105 10

56 1114 83 1140 in
98 1114 293 1140 conformance

52 1147 323 1214 xiffoffjgrsslffiffied
336 1143 608 1195 quantumad
641 1150 874 1192 potestatem
906 1155 954 1180 ex
985 1143 1222 1188 accionibus,
1259 1143 1532 1181 coaccionibus
1546 1143 1570 1188 ³,
1606 1143 1666 1180 vel

53 1215 300 1281 ffffehffiffi3sshssss-
336 1216 517 1253 humanis
550 1215 700 1264 legibus
738 1214 948 1252 institutam
987 1214 1135 1251 videtur
1172 1214 1265 1251 mihi
1304 1215 1411 1264 quod
1449 1227 1515 1252 rex
1554 1215 1668 1253 debet

54 1282 324 1349 3322?ssssssssssssssss
337 1287 555 1337 precellere,
577 1286 666 1324 licet
686 1285 869 1324 sacerdos
896 1298 974 1335 quo
1005 1286 1054 1323 ad
1084 1286 1199 1323 deum
1220 1286 1267 1323 sit
1287 1286 1440 1323 alterius
1469 1275 1667 1336 potestatis

56 1351 89 1376 of
99 1350 216 1376 another
229 1350 298 1375 kind

56 1385 89 1411 of
98 1393 192 1417 power
204 1383 260 1409 still

57 1428 133 1444 more
144 1417 317 1443 honourable
413 1431 419 1437 ·
1041 1428 1047 1434 .

55 1452 83 1478 5„
98 1451 281 1483 Goffssight,
338 1431 496 1468 statlbus
535 1429 714 1466 sacerdos
753 1428 866 1465 debet
904 1434 1126 1465 auctoritate
1161 1436 1196 1465 et
1232 1435 1422 1478 potestate
1447 1429 1718 1478 precellere‚15

337 1359 522 1409 equivoce
553 1357 760 1406 amplioris.
817 1357 867 1393 Et
888 1357 941 1394 sic
965 1357 1035 1394 illis
1059 1357 1284 1395 facientibus
1313 1357 1558 1395 conformiter
1588 1358 1667 1395 suis

55 1502 323 1568 ggffiffinfflffifffoe
340 1502 357 1522 *
382 1502 449 1540 Sed
470 1508 511 1538 ut
546 1501 584 1537 in
616 1500 816 1538 sacerdote
839 1506 1005 1537 servetur
1031 1499 1235 1542 humilitas,
1273 1506 1308 1536 et
1338 1512 1416 1537 non
1446 1501 1666 1539 nominetur
1678 1511 1720 1539 31
1738 1509 1773 1538 b.

54 1570 297 1636 figijgtthmeagrgjus
336 1573 530 1611 maioritas
551 1572 628 1609 sive
648 1572 861 1608 contencio.
904 1570 1077 1608 Potestas
1094 1570 1273 1608 secularis
1290 1571 1360 1608 sibi
1375 1571 1610 1608 interdicitur
1628 1578 1666 1608 et

55 1637 307 1704 ξζζῆἓξῐῇζξῃξξῑᾶ
335 1651 502 1694 potestas
542 1642 747 1692 spiritualis
794 1648 851 1679 est
890 1642 961 1678 sibi
999 1641 1238 1679 abscondita.
1298 1641 1488 1679 Secularis
1536 1649 1665 1679 autem

55 1705 147 1731 which
161 1705 286 1730 involves

55 1739 196 1771 humility,
209 1739 264 1764 and
278 1738 315 1764 all

57 1773 168 1798 secular
182 1782 277 1804 power
288 1772 312 1799 is
416 1787 422 1794 .
676 1785 682 1791 .
955 1784 961 1790 .
1079 1784 1086 1791 .
1309 1784 1315 1790 .
1336 1784 1342 1791 .

57 1806 206 1833 forbidden
220 1806 285 1832 him,
335 1787 424 1826 cleri
446 1785 653 1835 precellere
674 1797 714 1821 m
735 1783 964 1822 sacerdotall
987 1783 1115 1821 offimo
1141 1796 1188 1821 ex
1213 1784 1420 1822 humilitate
1450 1784 1664 1823 refrenante
1679 1797 1721 1818 20

336 1722 505 1766 potestas
535 1721 592 1752 est
624 1713 772 1750 mundo
800 1712 940 1762 patula,
961 1719 998 1750 et
1022 1713 1076 1750 sic
1106 1713 1292 1750 ordinavit
1313 1713 1407 1750 deus
1426 1714 1663 1763 prepositum

337 1858 558 1907 superbiam
589 1855 778 1893 secularis.
835 1854 885 1891 Et
907 1855 959 1892 sic
979 1862 1137 1904 utraque
1159 1855 1311 1892 iuvante
1338 1855 1523 1905 reliquam
1543 1856 1665 1905 gradu

338 1942 409 1967 suo
430 1927 667 1965 sacerdotale
697 1926 879 1971 officium,
903 1927 995 1963 dum
1026 1926 1134 1963 suerit
1164 1926 1352 1963 mundum
1374 1938 1396 1963 a
1417 1927 1668 1974 secularitate,

336 1999 516 2050 precellet
546 1998 649 2035 aliud
682 1997 852 2035 officium
891 1998 1102 2034 sanctitate.
1159 1997 1280 2034 Aliter
1317 1998 1420 2034 enim
1459 1998 1562 2035 iuxta
1601 1998 1667 2035 de-

337 2079 484 2110 cretum
505 2078 562 2108 est
584 2076 705 2107 status
724 2069 940 2107 vilissimus.
997 2068 1047 2105 Et
1067 2068 1138 2106 hec
1161 2068 1264 2105 racio
1293 2081 1410 2117 quare
1431 2074 1510 2105 tam
1531 2069 1666 2106 crebro

337 2143 559 2193 prohibetur
589 2141 628 2178 in
652 2141 732 2178 iure
764 2140 952 2178 sacerdoti
983 2139 1222 2177 dominium:
1253 2140 1328 2178 hoc
1349 2140 1452 2177 enim
1473 2152 1663 2178 venenum
1679 2150 1717 2181 25

336 2229 383 2254 ex
422 2221 671 2252 monstruosa
707 2212 874 2249 mixtura
912 2211 950 2247 in
988 2211 1126 2248 clerico
1164 2211 1284 2249 inficit
1322 2218 1359 2249 et
1392 2212 1517 2248 turbat
1551 2212 1664 2250 nimis

337 2299 522 2335 magnam
561 2291 710 2334 partem
748 2284 921 2321 ecclesie.
978 2283 1028 2320 Et
1067 2283 1135 2320 hec
1175 2283 1278 2320 racio
1310 2294 1428 2332 quare
1464 2283 1542 2320 dixi
1575 2284 1666 2333 quia

337 2359 508 2396 illicitum
548 2357 646 2393 soret
682 2355 803 2404 pure4
841 2354 980 2392 clerico
1019 2353 1176 2391 civiliter
1215 2354 1415 2391 dominari.
1472 2353 1599 2400 Unde,
1634 2355 1665 2392 si

337 2438 534 2474 notamus,
574 2439 675 2477 papa
723 2426 898 2464 moderat
946 2425 1077 2462 stilum
1125 2424 1379 2462 refrenantem
1427 2425 1666 2474 imperatoris

337 2500 569 2550 superbiam,
600 2511 680 2535 non
720 2509 868 2546 negans
902 2497 996 2546 quin
1037 2496 1300 2534 sacerdocium
1331 2496 1476 2545 indiget
1508 2497 1663 2546 regalia,
1677 2504 1719 2535 30

338 2586 418 2611 non
439 2572 563 2609 solum
585 2571 624 2606 in
647 2568 984 2606 administracione
1015 2567 1284 2616 temporalium
1315 2567 1383 2604 sed
1412 2567 1451 2604 in
1482 2568 1665 2617 spirituali

58 2651 315 2720 ffissssinpssiissrtisse
338 2643 533 2692 suffragio,
555 2641 622 2679 sed
643 2639 842 2677 sacerdote
863 2646 1068 2688 superante
1089 2638 1128 2675 in
1149 2638 1331 2687 superbia
1347 2638 1555 2676 secularem
1570 2639 1666 2677 foret

59 2715 171 2759 grftfiter
185 2721 251 2745 than
267 2720 313 2745 the
338 2714 600 2753 necessarium
619 2711 724 2760 loqui
747 2710 831 2747 stilo
854 2722 973 2747 verso.
1032 2709 1095 2747 Sic
1123 2721 1216 2758 ergo
1236 2708 1383 2746 videtur
1403 2710 1507 2759 quod
1527 2711 1664 2759 regalis

58 2755 175 2787 priestly
188 2764 218 2779 as

57 2789 172 2822 regards
186 2788 233 2814 the
338 2793 508 2836 potestas
539 2784 584 2821 sit
616 2782 836 2831 simpliciter
862 2781 984 2819 maior
1009 2793 1089 2830 quo
1119 2780 1168 2818 ad
1197 2780 1516 2829 temporalitatem
1546 2794 1664 2830 quam

384 2883 394 2901 ¹
418 2883 575 2924 regispro
591 2880 690 2922 regni,
709 2889 739 2911 B.
855 2879 867 2896 ²
892 2884 1011 2915 autem,
1028 2889 1088 2910 om.
1108 2887 1142 2909 Α.
1258 2879 1270 2897 ³
1292 2878 1530 2917 coaccionibus,
1549 2890 1609 2910 om.
1628 2887 1661 2911 A.

340 2937 350 2952 ⁴
377 2946 522 2976 pugnare
538 2939 602 2974 pro
619 2942 708 2974 pure,
726 2941 759 2962 Α.
