2018 3401
122 330 199 384 178
822 339 886 370 DE
917 337 1114 371 OFFICIO
1148 338 1302 371 REGIS.

394 446 645 484 frustracione
672 445 826 495 publica
856 445 928 482 nisi
958 444 1063 494 quod
1092 444 1216 494 magis
1240 443 1400 482 subdole
1433 449 1471 481 et
1497 442 1723 493 profundius

393 518 548 556 frustrat
587 517 672 555 talis
709 516 877 554 discolus
919 527 1077 553 causam
1124 516 1230 565 legis.
1308 515 1424 562 Quid,
1465 527 1573 564 rogo,
1612 514 1724 552 refert

394 589 541 627 discere
562 589 708 627 scolam
728 600 796 637 per
816 599 933 637 quam
954 600 976 624 a
995 587 1078 635 lege
1103 586 1214 624 Cristi
1244 586 1464 624 distrahitur
1483 586 1523 623 in
1544 586 1661 632 scola,
1681 586 1720 623 in

117 671 266 704 Anything
279 671 368 705 might
393 673 557 706 camera,
588 659 645 697 vel
680 660 752 696 sub
784 658 897 696 divo?
956 657 1016 696 Sic
1050 658 1154 695 enim
1184 658 1339 707 posset¹
1371 658 1464 706 fingi
1493 657 1614 695 Glosa
1643 657 1723 706 pari

309 707 315 719 ,
362 706 368 711 .

111 705 289 766 Βὲιὲῗέἒιῗιῗ
327 716 381 740 pn-
394 732 621 769 auctoritate
641 730 747 781 quod
765 730 852 767 licet
871 729 981 766 dictis
1002 728 1148 766 clericis
1178 730 1323 767 discere
1352 729 1443 766 istas
1473 728 1656 766 sciencias
1685 728 1724 764 in
1738 737 1756 769 5

392 815 639 852 quocumque
656 802 795 840 solario
810 799 888 838 vel2
909 800 1114 851 sophistice
1135 801 1365 851 baptisando
1385 801 1470 838 loca
1490 807 1525 838 et
1546 799 1724 838 faciendo

390 886 585 912 cameram
606 875 654 912 de
674 874 779 912 scola
799 875 856 912 vel
876 874 982 924 quod
1008 873 1298 921 intelligendum
1327 879 1384 910 est
1413 872 1460 910 de
1489 872 1593 910 scola
1623 878 1725 910 tecta

390 946 583 984 stramine.
640 945 885 995 Ubicumque
914 945 1028 995 igitur
1057 944 1263 982 offenditur
1290 944 1330 980 in
1360 956 1517 981 causam
1545 944 1642 993 legis
1668 950 1723 980 est

110 1009 361 1071 ssqffiifflffleiffift
391 1016 562 1054 offensor
599 1017 983 1066 proporcionabiliter
1017 1015 1246 1065 puniendus.
1303 1013 1388 1052 Nee
1418 1015 1517 1052 valet
1545 1020 1585 1051 2a
1614 1014 1773 1063 glosaQ

109 1077 378 1139 ξζῗέξζζῆζνξᾞξῑε
391 1100 468 1137 qua
491 1087 626 1125 dicitur
657 1087 763 1137 quod
797 1087 884 1125 licet
910 1092 1043 1124 curato
1073 1086 1143 1123 has
1173 1086 1277 1135 leges
1307 1085 1487 1131 adiscere,
1508 1085 1561 1123 sic
1590 1091 1720 1122 tamen
1741 1095 1779 1117 10

109 1145 256 1176 medicine,
272 1155 303 1172 so
315 1147 378 1174 that

108 1178 144 1204 he
154 1179 192 1205 do
200 1186 248 1205 not
261 1181 346 1214 study

108 1212 360 1275 Ξξῐῗῖιξξζὲζξξῃυ-
388 1242 469 1268 non
489 1230 621 1268 incidit
641 1230 679 1267 in
699 1242 841 1280 penam
862 1230 967 1279 legis.
1026 1229 1157 1267 Primo
1177 1229 1267 1279 quia
1288 1229 1340 1267 sic
1366 1229 1606 1267 frustraretur
1626 1229 1723 1278 legis

107 1281 199 1314 ously.

389 1158 497 1207 quod
530 1171 611 1196 non
641 1171 710 1208 per
744 1158 843 1196 duos
881 1170 1037 1195 menses
1072 1157 1303 1196 continuos:
1349 1157 1470 1203 aliter,
1505 1156 1684 1207 inquiunt
1697 1156 1721 1203 3,

389 1302 568 1348 intencio,
585 1302 681 1339 sicut
701 1314 815 1351 supra
827 1314 836 1347 ;
868 1301 1038 1339 secundo
1053 1301 1143 1351 quia
1164 1313 1280 1339 nemo
1301 1300 1362 1338 hic
1382 1301 1544 1338 intendit
1559 1301 1722 1339 sciencie

388 1385 457 1423 per
494 1373 591 1411 duos
629 1385 784 1410 menses
824 1373 1031 1410 continuos
1077 1385 1149 1409 nec
1197 1385 1265 1421 per
1312 1372 1426 1419 diem,
1467 1373 1580 1422 quale
1628 1385 1722 1422 ergo

108 1448 134 1474 A
147 1448 204 1482 day
215 1458 301 1482 every
389 1444 586 1494 sophisma
605 1444 705 1482 foret
724 1444 873 1493 legibus
893 1444 1075 1482 continue
1097 1443 1142 1479 lv.
1164 1443 1301 1480 diebus
1321 1443 1519 1480 intendere
1539 1451 1576 1481 et
1597 1444 1721 1481 solum
1740 1450 1776 1482 Ι5

106 1482 309 1544 &gffffigvffitsse
321 1519 364 1557 s9r
391 1515 604 1553 alternatim
637 1528 771 1552 vacare
801 1515 992 1564 theologie
1024 1515 1082 1551 lvi.
1117 1514 1202 1552 die?
1272 1514 1377 1551 Sicut
1405 1526 1501 1563 ergo
1530 1514 1637 1552 locus
1666 1522 1723 1552 est

107 1549 242 1617 gfflogy
254 1553 357 1579 onthis
389 1587 638 1635 impertinens
685 1586 976 1624 frustracionem
1025 1598 1138 1623 cause
1186 1585 1339 1630 decreti,
1382 1585 1437 1622 sic
1484 1592 1521 1623 et
1568 1593 1721 1635 tempus

386 1658 611 1695 continuum
639 1657 698 1695 vel
727 1658 942 1694 discretum.
1014 1656 1065 1694 Et
1096 1663 1140 1705 30
1178 1662 1294 1705 patet,
1331 1657 1361 1693 si
1396 1664 1542 1694 tantam
1577 1669 1719 1706 penam

387 1729 529 1766 subibit
555 1741 625 1778 pro
652 1734 826 1778 tempore
857 1728 970 1765 studii
999 1728 1163 1765 duorum
1190 1728 1392 1774 mensium,
1414 1729 1720 1778 proporcionalis

384 1813 483 1850 pene
504 1808 559 1838 est
581 1813 667 1838 reus
687 1813 757 1850 pro
778 1808 950 1849 tempore
971 1800 1084 1837 studii
1105 1799 1298 1844 brevioris,
1314 1800 1403 1849 quia
1423 1806 1549 1837 autem
1571 1807 1720 1838 tantum
1738 1805 1776 1826 ²0

385 1872 583 1921 puniretur
602 1872 756 1909 vacacio
781 1872 1022 1909 instantanea
1042 1871 1102 1908 vel
1132 1871 1324 1908 infinitum
1354 1872 1477 1908 brevis
1507 1872 1546 1908 in
1576 1872 1652 1909 fine
1682 1881 1719 1910 et

386 1943 542 1979 vacacio
567 1942 845 1992 quantumlibet
875 1942 991 1991 longa
1019 1942 1234 1991 precedens
1264 1941 1485 1979 succederet
1515 1943 1715 1992 impunita,

107 2020 298 2080 Norpant-hel
388 2013 494 2063 quod
529 2012 625 2050 foret
657 2013 854 2062 sophisma
892 2012 965 2049 deo
1004 2012 1157 2049 odibile.
1215 2011 1298 2050 Nec
1333 2013 1430 2049 valet
1468 2014 1584 2050 tercia
1622 2014 1718 2063 legis

105 2063 377 2149 ἕζέξῖἕὲἲίἓῖἒῗ
388 2083 586 2121 frustracio
616 2096 692 2133 qua
721 2084 905 2133 allegatur
937 2084 1176 2133 privilegium
1208 2096 1307 2133 pape
1336 2084 1396 2121 vel
1431 2085 1607 2134 specialis
1636 2086 1718 2123 eius

106 2131 228 2182 ¹he1agw·
283 2132 301 2156 g
387 2155 559 2192 licencia.
630 2155 760 2192 Primo
799 2155 888 2204 quia
927 2167 1007 2192 non
1041 2154 1139 2192 valet
1180 2155 1328 2204 papalis
1367 2155 1528 2193 licencia
1563 2156 1635 2193 nisi
1669 2156 1716 2194 de
1734 2169 1772 2201 25

384 2232 529 2275 quanto
549 2225 660 2263 fuerit
679 2225 837 2263 fundata
850 2226 864 2245 ⁴¹
884 2225 1050 2264 racione.
1108 2225 1209 2263 Cum
1236 2226 1351 2275 igitur
1372 2226 1585 2276 precedens
1604 2239 1717 2276 papa,

382 2309 474 2346 ymo
503 2297 720 2342 consilium,
742 2297 794 2335 sic
817 2297 1035 2343 decreverit,
1059 2297 1205 2334 videtur
1225 2297 1332 2347 quod
1352 2297 1466 2335 hodie
1491 2298 1715 2336 imminente

383 2368 519 2405 maiori
567 2368 792 2406 necessitate
838 2368 972 2407 sicud⁵
1014 2376 1087 2406 stat
1125 2369 1229 2407 racio
1267 2369 1320 2406 sic
1365 2375 1481 2406 staret
1520 2370 1717 2407 sentencia

384 2438 595 2476 decretalis.
653 2439 782 2476 Hodie
818 2452 988 2489 namque
1022 2446 1079 2477 est
1111 2439 1234 2489 magis
1268 2440 1484 2477 necessaria
1522 2440 1716 2478 fructuosa

383 2508 602 2558 predicacio
635 2510 740 2547 verbi
780 2511 853 2548 dei.
910 2510 1008 2548 Item
1039 2523 1106 2547 rex
1146 2509 1262 2548 habet
1293 2510 1475 2547 interesse
1515 2522 1604 2548 cum
1637 2511 1714 2548 suis
1728 2521 1771 2552 30

385 2579 660 2618 elemosinariis
680 2581 834 2619 racione
862 2581 1074 2620 dotacionis
1097 2582 1369 2620 condicionate
1389 2594 1507 2631 quam
1527 2594 1609 2619 non
1629 2582 1715 2620 licet

384 2663 484 2701 pape
507 2650 724 2701 infringere.
785 2652 860 2689 Sed
881 2665 950 2701 per
972 2652 1061 2691 talia
1090 2652 1289 2702 privilegia
1317 2652 1596 2702 infringeretur,
1617 2665 1712 2702 ergo

385 2734 451 2760 rex
490 2722 605 2760 debet
643 2723 683 2760 in
722 2723 802 2761 istis
841 2724 1026 2762 resistere.
1103 2723 1294 2762 Condicio
1335 2731 1464 2761 autem
1501 2724 1712 2762 elemosine

383 2800 566 2843 perpetue
587 2801 642 2831 est
662 2801 703 2831 ut
727 2794 1014 2832 elemosinarius
1043 2794 1179 2832 serviat
1208 2794 1287 2843 regi
1317 2802 1354 2832 et
1383 2807 1503 2843 regno
1527 2795 1710 2844 spirituali

428 2884 438 2902 ¹
456 2890 572 2926 potest,
592 2894 622 2916 Β.
689 2885 701 2902 ’·’
716 2886 777 2925 vel,
795 2886 869 2918 add.
887 2891 963 2918 ante
981 2887 1087 2928 soph„
1106 2894 1138 2917 Α.
1208 2886 1219 2903 ³
1244 2887 1418 2926 inquirunt,
1435 2894 1467 2917 Α.
1537 2886 1547 2903 ⁴
1572 2886 1706 2918 fundata

384 2936 489 2976 fuerit,
507 2937 573 2968 ord.
592 2938 659 2968 inv.
681 2946 709 2968 Β.
800 2938 811 2955 ⁵
836 2940 891 2976 sic,
909 2947 941 2968 Α.
