2018 3401
138 294 193 346 84
833 300 899 331 DE
931 298 1128 331 OFFICIO
1161 296 1318 330 REGIS.

136 414 378 482 Οῦῑξέξεὲϊίῐέἓὲῐὲη
417 406 625 458 evangelici
647 417 737 455 sepe
761 404 1000 454 predicarent
1019 403 1268 453 principibus,
1290 399 1403 452 quia¹
1435 399 1583 438 cautela
1603 393 1745 437 diaboli

137 483 194 510 this
207 489 236 510 ⁸0
248 483 369 517 princes·
418 479 533 517 docet
558 489 648 515 suos
676 475 886 525 discipulos
915 474 1020 524 quod
1048 474 1142 511 dum
1169 473 1306 511 suerint
1329 471 1511 510 obstinati
1534 477 1571 508 et
1595 469 1746 508 notorie

415 550 622 594 criminosi,
637 554 674 586 et
691 548 744 585 sic
761 546 901 595 corrigi
916 546 1080 583 debeant
1101 557 1170 594 per
1191 556 1281 582 suos
1309 543 1539 593 prepositos,
1571 541 1678 591 quod
1699 551 1747 578 ex

416 622 596 660 thesauro
621 619 733 658 Cristi
764 618 904 655 faciant
933 617 1003 655 sibi
1032 618 1179 654 amicos
1207 616 1254 654 de
1283 615 1478 665 episcopis
1506 613 1566 651 vel
1591 611 1749 650 brachio

416 692 590 730 seculari.
674 691 725 727 Et
763 690 816 728 sic
855 696 934 726 tam
973 701 1067 738 grex
1100 700 1218 738 quam
1252 694 1415 736 uterque
1447 692 1580 735 pastor
1612 684 1779 732 damp-5

417 763 592 800 nabiliter
611 762 778 799 inficitur
796 773 844 799 ex
874 771 1079 807 consensu,
1107 771 1196 797 cum
1223 758 1441 808 prepositus
1468 756 1627 806 exponit
1649 766 1688 792 se
1708 761 1749 791 ut

420 835 473 873 sic
511 841 712 883 tamquam
749 833 914 870 tironem
952 831 1092 870 diaboli
1132 837 1263 868 contra
1303 829 1484 867 Cristum.
1543 826 1619 865 Sed
1658 825 1751 875 quid

420 905 703 955 dampnabilius
737 910 773 942 et
804 904 844 940 in
875 903 1077 940 tremendo
1107 902 1249 940 iudicio
1279 901 1364 950 plus
1403 898 1644 938 timendum?
1702 896 1752 933 Et

419 978 508 1016 ideo
528 976 620 1014 dicit
639 977 775 1013 beatus
795 974 967 1012 Isidorus
986 974 1084 1011 libro
1108 979 1150 1022 30
1175 973 1243 1010 ‘de
1264 984 1417 1010 summo
1438 970 1566 1008 bono’
1583 967 1751 1018 capitulo

139 1052 380 1119 Lffgaectfflsartnffigy
420 1049 504 1094 liii0‚
548 1055 585 1086 et
629 1047 785 1097 ponitur
826 1047 866 1083 in
905 1045 1067 1083 decretis
1112 1044 1215 1081 xxiii.
1258 1057 1291 1081 v.
1330 1039 1598 1091 ‘Principes’:
1648 1039 1804 1086 chodC.
1822 1041 1912 1072 xxiii.
1927 1041 1969 1082 Q.

1764 1097 1794 1118 V.
1814 1096 1840 1117 C.
1861 1094 1910 1116 20.

139 1121 380 1180 ἑᾞῗυξῑῑνξοὸὃοά
419 1121 597 1158 seculares
630 1119 775 1155 domini
801 1121 919 1154 sanent
949 1117 1088 1153 culmen
1114 1116 1305 1165 poleslalis
1332 1115 1385 1151 ad
1415 1110 1670 1151 mumendum²
1698 1124 1751 1147 ec-

139 1187 369 1248 aessitcsseifissu‘ch
421 1192 661 1230 clesiaslicam
703 1191 950 1238 disciplinam.
982 1217 989 1225 .
1021 1217 1029 1225 .
1061 1217 1067 1225 .
1102 1187 1345 1236 Cognoscanf,
1378 1186 1512 1235 inquit,
1547 1184 1754 1233 ‘principes

139 1256 314 1316 {gssffiloem
327 1260 356 1282 ω
421 1264 538 1301 seculi
547 1261 627 1299 Deo
645 1275 680 1298 se
700 1261 818 1298 debere
837 1273 908 1297 esse
925 1258 943 1278 '¹‘
962 1261 1142 1296 racionem
1166 1259 1375 1296 reddiluros
1385 1260 1540 1306 propser
1558 1255 1752 1299 ecclesiam,
1766 1265 1810 1294 19
1829 1273 1860 1294 a,

421 1347 531 1384 quam
553 1347 576 1370 a
600 1332 726 1370 Crislo
751 1332 921 1368 luendam
948 1331 1163 1379 suscipiunt.
1221 1328 1324 1366 „Nam
1353 1329 1430 1365 sive
1458 1330 1643 1379 augeczlur
1662 1332 1753 1374 pax

420 1411 454 1443 et
473 1405 673 1454 disciplina
701 1404 839 1440 ecclesie
859 1409 931 1451 per
949 1402 1079 1451 fideles
1096 1402 1298 1450 principes,
1321 1400 1394 1436 sive
1422 1399 1600 1442 solvalur,
1622 1397 1680 1433 ille
1708 1395 1753 1432 ab
1771 1409 1806 1442 15

420 1479 470 1515 eis
490 1478 672 1514 racionem
692 1476 819 1524 exigit
836 1475 904 1523 qui
919 1486 1040 1510 eorum
1054 1473 1232 1522 poleslali
1246 1484 1351 1508 suam
1371 1470 1554 1507 ecclesiam
1575 1465 1752 1505 credidil.'

421 1549 472 1586 Et
504 1553 608 1597 patet
640 1546 844 1584 manifeste
883 1545 990 1595 quod
1025 1545 1193 1593 loquitur
1227 1543 1274 1580 de
1309 1541 1472 1579 ecclesia
1512 1539 1602 1578 cleri
1637 1549 1755 1588 quam

142 1624 396 1692 ssffitefflltffissit
423 1619 552 1657 subdit
598 1617 776 1668 potestati
823 1615 1054 1654 secularium
1103 1614 1361 1652 dominorum.
1420 1611 1496 1649 Sed
1537 1622 1612 1660 que
1652 1609 1755 1646 racio

142 1694 245 1721 defend
258 1689 655 1728 apostatessmunicionis
694 1688 768 1726 deo
807 1687 1005 1725 reddenda
1037 1687 1077 1723 in
1112 1686 1172 1723 die
1203 1684 1335 1734 judicii
1370 1681 1526 1733 quando
1561 1681 1756 1731 principes

424 1760 672 1799 consentiunt
705 1759 763 1796 vel
796 1758 1009 1795 defendunt
1044 1757 1083 1794 in
1114 1757 1272 1794 crimine
1312 1761 1510 1805 apostotas
1548 1752 1754 1802 precipuos
1769 1768 1810 1790 20

143 1833 206 1859 The
220 1832 299 1865 King
426 1831 664 1870 adversarios
698 1830 794 1879 legis
815 1829 902 1867 dei?
960 1828 1087 1874 Unde,
1108 1834 1150 1865 ut
1171 1839 1262 1877 sepe
1293 1826 1383 1873 dixi,
1405 1837 1485 1863 non
1505 1831 1561 1862 est
1581 1823 1757 1873 apercius

143 1867 281 1893 therefore
294 1870 368 1893 must

142 1901 290 1965 {lissfff‘aw
306 1899 349 1926 ¹¹¹⁵
425 1902 527 1952 regis
555 1901 769 1940 remedium
804 1912 921 1950 quam
951 1899 1173 1937 subtrahere
1205 1898 1457 1936 elemosinam
1490 1908 1611 1941 suam,
1643 1905 1758 1943 super

144 1982 416 2045 {jptcssessehgiceiver
427 1985 544 2023 quam
565 1971 825 2022 principaliter
849 1971 1080 2016 dominatur,
1102 1982 1192 2007 curn
1218 1980 1417 2018 occupans
1440 1968 1567 2017 ipsam
1588 1965 1757 2003 dissolvit

143 2052 311 2113 &gffiffigssse
426 2044 698 2082 condicionem
726 2042 953 2081 donacionis
981 2048 1017 2079 et
1047 2048 1087 2078 ut
1115 2040 1353 2090 periculosus
1387 2039 1559 2088 proditor
1589 2037 1758 2074 minatur

425 2128 547 2164 regno
574 2115 738 2152 ruinam.
796 2113 881 2151 Nec
901 2119 990 2151 sunt
1010 2111 1190 2150 audiendi
1216 2111 1391 2160 sacrilegi
1412 2110 1478 2159 qui
1499 2109 1630 2146 dicunt
1652 2106 1757 2156 quod
1771 2116 1810 2148 25

426 2199 492 2224 rex
513 2198 592 2223 non
613 2186 730 2223 habet
750 2190 981 2234 potestatem
1002 2183 1051 2221 ad
1072 2182 1358 2220 defendendum
1379 2187 1513 2219 contra
1543 2179 1758 2229 proditores
1845 2225 1863 2241 ἱ

426 2258 529 2294 bona
549 2255 704 2305 propria
724 2262 761 2292 et
781 2266 994 2304 pauperum
1020 2254 1128 2303 regni
1158 2253 1215 2291 sui
1236 2253 1370 2290 saltem
1391 2253 1440 2289 ab
1460 2251 1552 2301 ipsis
1576 2249 1760 2299 apostatis

149 2337 179 2363 1f
187 2335 235 2362 the
247 2344 320 2369 pope
332 2344 384 2362 can
426 2326 716 2365 abstrahendo:
747 2326 838 2375 quia
869 2338 969 2375 pape
1003 2325 1196 2374 episcopis
1222 2331 1257 2361 et
1285 2335 1420 2362 eorum
1450 2322 1631 2359 ministris
1658 2321 1757 2365 licet,

148 2370 297 2396 withdraw

147 2402 358 2470 iffiffi'issgtcixiss’
428 2405 469 2436 ut
495 2398 682 2448 inquiunt,
704 2397 932 2446 temporalia
962 2397 1045 2446 ipsa
1067 2396 1225 2445 copiose
1255 2394 1466 2440 detrahere,
1487 2392 1608 2431 multo
1631 2391 1758 2441 magis

427 2469 520 2518 regi,
543 2469 608 2518 qui
628 2474 685 2505 est
708 2479 842 2506 eorum
864 2467 1056 2513 dominus,
1077 2479 1167 2504 cum
1188 2466 1449 2516 predictorum
1473 2463 1756 2513 prepositorum
1771 2469 1812 2502 30

149 2547 417 2616 ἓίιὲιυὲξὲζῗξὲἔῖῑη
430 2539 646 2577 subtraccio
666 2545 779 2577 nocet
800 2538 853 2576 eis
873 2538 1099 2575 altrinsecus
1126 2544 1240 2586 atque
1264 2548 1400 2585 regno.
1457 2534 1572 2572 Unde
1596 2532 1758 2583 predicti

148 2616 372 2681 {Zffig’ffgss‘ds
429 2610 601 2659 sacrilegi
626 2610 722 2659 lapsi
743 2615 830 2646 sunt
856 2609 894 2644 in
914 2615 1062 2645 tantam
1087 2607 1328 2645 demenciam
1349 2605 1454 2656 quod
1478 2611 1623 2655 negant
1644 2615 1758 2654 posse

148 2683 348 2750 ffigfngytffeeffi
363 2715 395 2741 of
431 2681 613 2719 dominos
639 2679 872 2729 temporales
899 2680 1028 2716 iuvare
1059 2679 1164 2728 ipsos
1192 2677 1417 2715 aufferendo
1443 2683 1479 2714 et
1507 2673 1757 2713 exonerando

150 2749 497 2790 ‘¹¹⁸‘emp0121515052eos
529 2752 678 2790 sarcina
707 2750 978 2800 temporalium
1007 2761 1085 2800 qua
1119 2748 1358 2799 spiritualiter
1390 2754 1478 2785 sunt
1509 2746 1690 2795 depressi,
1720 2751 1757 2782 et

649 2899 658 2916 ¹
685 2899 739 2940 qui
758 2903 821 2941 pro
839 2899 926 2940 quia,
945 2906 974 2928 B.
1181 2896 1193 2914 ²
1216 2896 1440 2936 minuendum,
1458 2903 1492 2935 Α,
1511 2903 1539 2925 13.
