2018 3401
676 334 739 365 DE
772 334 966 366 OFFICIO
999 333 1152 365 REGIS.

259 438 365 488 quod
389 438 552 475 multum
582 450 649 487 per
678 438 820 483 omnia,
844 449 932 476 cum
963 437 1145 486 sapientis
1176 436 1329 474 scientis
1350 436 1584 473 voluntatem

259 509 320 546 dei
360 510 406 546 sit
444 509 546 545 illam
585 508 789 557 precipere,
825 515 863 545 et
901 508 1030 545 minus
1070 507 1248 556 sapientis
1284 507 1330 543 sit
1361 506 1513 543 credere
1549 514 1585 542 et

259 586 483 628 preceptum
504 579 726 617 obedienter
743 579 937 628 perficere.
989 578 1107 624 Quod
1128 577 1159 615 si
1181 577 1315 614 stultus
1337 589 1383 614 ex
1407 576 1585 625 superbia

260 650 454 688 luciferina
501 649 659 686 mandat
696 649 879 687 voluntati
919 649 980 686 dei
1019 648 1266 693 contrarium,
1311 647 1414 684 racio
1453 646 1584 695 magni

227 720 383 760 5meriti
404 726 458 757 est
488 720 694 769 prudenter
726 720 797 757 sibi
829 720 1012 757 resistere.
1071 719 1122 755 Et
1154 719 1204 755 ita
1234 717 1485 767 pseudocristi
1518 730 1584 766 per

259 792 435 829 accidens
458 796 618 840 prosunt
637 791 809 836 ecclesie,
831 803 919 828 cum
950 789 1178 827 difficultant
1207 790 1383 826 membra
1405 788 1516 825 Cristi
1537 788 1586 825 ad

259 862 477 899 faciendum
504 863 586 899 eius
606 861 841 899 voluntatem
862 861 970 898 cuius
992 860 1208 909 complecio
1229 866 1285 897 est
1305 871 1351 896 eo
1373 859 1586 896 meritorior

259 938 295 970 et
315 932 468 969 racione
490 932 707 969 resistencie
729 931 887 980 insurgit
908 943 1051 968 novum
1078 930 1257 968 meritum
1278 930 1478 967 resistenti.
1534 929 1585 965 Et

259 1010 362 1052 patet
383 1003 583 1052 quomodo
612 1003 663 1039 hii
694 1003 758 1052 qui
779 1001 959 1051 presunt1
982 1002 1123 1039 debent
1144 1001 1341 1038 attendere
1369 1001 1582 1038 doctrinam

40 1072 391 1114 Jamesi.19.1300bj
422 1080 462 1109 10
482 1073 588 1122 quod
621 1073 695 1109 sint
726 1074 833 1110 lardi
859 1073 911 1110 ad
938 1073 1164 1121 loquendum,
1188 1071 1402 1121 specialiter
1434 1071 1482 1108 ad
1515 1070 1584 1106 im-

43 1359 91 1388 48
107 1367 136 1389 e.

259 1144 471 1193 perandum
503 1144 542 1179 in
574 1143 727 1188 neutris,
749 1144 821 1180 nisi
854 1155 968 1192 super
996 1142 1071 1180 hoc
1097 1142 1281 1179 haberent
1308 1141 1585 1179 revelacionem

260 1214 318 1251 vel
351 1213 557 1263 specialem
598 1214 804 1259 noticiam;
839 1213 928 1262 quia
959 1213 1067 1250 aliter
1098 1213 1288 1250 nescirent
1319 1213 1349 1249 si
1378 1212 1471 1249 deus
1500 1211 1586 1248 velit

260 1285 504 1323 contrarium.
561 1284 611 1321 Et
631 1283 718 1321 hinc
740 1283 903 1321 creditur
932 1284 1039 1332 quod
1068 1296 1116 1321 ex
1145 1283 1472 1332 multiplicacione
1501 1295 1586 1332 pre-

260 1356 423 1393 latorum
445 1354 462 1374 *
485 1354 793 1403 imprudencium
813 1360 850 1391 et
871 1355 1153 1403 prepositorum
1177 1354 1415 1391 novellarum
1429 1354 1442 1374 2
1463 1353 1588 1401 religi-

209 1437 246 1469 15
261 1437 380 1463 onum
401 1425 702 1474 precipiencium
734 1425 921 1461 novitates
941 1425 1181 1473 perturbatur
1203 1424 1377 1469 ecclesia,
1401 1435 1490 1461 cum
1511 1423 1562 1459 illi
1576 1423 1589 1442 ³

261 1508 350 1545 sepe
389 1508 411 1533 a
439 1495 632 1532 voluntate
668 1495 728 1532 dei
762 1496 981 1532 exorbitant
1012 1495 1256 1544 irreligiosius
1291 1507 1408 1545 quam
1441 1494 1588 1531 domini

261 1567 462 1611 seculares,
495 1578 583 1603 cum
615 1566 771 1603 veniunt
805 1571 991 1615 tanquam
1023 1566 1171 1604 Cristus
1199 1565 1449 1603 vendicantes
1481 1565 1587 1614 quod

261 1637 375 1675 debet
407 1636 538 1686 perfici
568 1642 751 1685 tanquam
784 1636 958 1673 voluntas
993 1636 1053 1674 dei
1092 1637 1277 1686 quidquid
1309 1636 1586 1673 mandaverint.

261 1708 310 1744 Et
350 1707 420 1744 ista
457 1706 668 1744 blasfema4
698 1706 856 1743 civilitas
895 1706 1096 1744 confundit
1126 1690 1340 1751 ecclesiam,
1377 1718 1465 1743 cum
1495 1718 1585 1754 sepe

210 1778 449 1815 20mandant
484 1776 627 1814 nedum
666 1776 771 1825 quod
804 1776 949 1814 Cristus
984 1777 1148 1814 consulit
1187 1777 1255 1814 sed
1294 1776 1412 1814 multa
1450 1782 1586 1813 contra

263 1848 378 1886 Cristi
398 1847 557 1885 consilia
577 1853 613 1883 et
632 1853 833 1896 precepta;
864 1854 900 1884 et
920 1847 973 1884 sic
994 1847 1198 1884 consilium
1219 1846 1476 1896 reputacionis
1497 1857 1586 1883 cum

263 1918 466 1956 formidine
482 1929 632 1955 versum
654 1924 711 1954 est
733 1917 771 1954 in
792 1923 1018 1967 preceptum
1040 1918 1317 1955 dominativum
1343 1929 1431 1955 cum
1452 1917 1590 1954 acerba

263 1996 300 2027 et
319 1989 650 2027 excomunicativa
680 1989 900 2026 exaccione.
957 1989 1008 2026 Et
1036 1988 1124 2026 hinc
1154 1988 1453 2037 multiplicantur
1482 1999 1589 2024 men-

264 2059 372 2097 dacia
392 2059 678 2108 prepositorum
708 2058 923 2096 dicencium
954 2059 1062 2108 quod
1082 2065 1139 2096 est
1161 2059 1283 2096 taliter
1304 2057 1532 2101 faciendum,
1554 2063 1591 2094 et

212 2143 250 2175 25
264 2129 560 2167 denuncciatum
590 2129 837 2166 rebellantem
857 2130 912 2166 eis
933 2141 1016 2166 esse
1037 2130 1374 2167 excomunicatum
1404 2135 1588 2176 tanquam

264 2200 413 2237 hostem
434 2199 594 2236 ecclesie
615 2199 865 2247 puniendum.
923 2199 1051 2236 Causa
1071 2206 1201 2236 autem
1227 2199 1402 2236 omnium
1431 2198 1589 2235 istorum

265 2276 322 2308 est
364 2269 453 2319 quia
500 2269 689 2306 receditur
732 2281 754 2306 a
793 2269 973 2318 religione
1022 2269 1246 2318 apostolica,
1286 2268 1436 2306 Cesaris
1484 2268 1591 2305 novi-

266 2340 408 2377 tatibus
432 2339 682 2377 intendendo.
741 2339 869 2376 Nemo
890 2339 992 2376 enim
1014 2339 1128 2376 debet
1149 2339 1358 2388 precipere,
1380 2338 1446 2376 sed
1467 2350 1592 2387 neque

267 2410 486 2459 simpliciter
516 2409 728 2454 consulere,
750 2409 819 2445 nisi
850 2409 953 2458 quod
984 2409 1095 2446 sciret
1119 2421 1203 2446 esse
1233 2409 1280 2446 de
1301 2408 1496 2446 voluntate
1521 2407 1593 2445 dei.

214 2493 255 2524 30
270 2480 346 2518 Sed
379 2481 623 2518 dominantes
655 2480 693 2515 in
725 2479 828 2516 clero
861 2479 1004 2516 faciunt
1036 2479 1134 2516 hanc
1167 2478 1380 2516 doctrinam
1415 2490 1591 2516 corruere

268 2550 531 2588 machinantes
546 2550 666 2587 multa
682 2549 808 2586 media
828 2549 1013 2586 blassema
1029 2549 1168 2598 quibus
1185 2548 1431 2598 sophisticent
1449 2548 1592 2596 dogma

268 2633 392 2666 suum,
425 2626 466 2658 ut
498 2620 549 2657 hii
584 2621 716 2658 dicunt
749 2619 854 2668 quod
888 2619 996 2656 aliter
1027 2619 1166 2668 periret
1198 2626 1316 2656 status
1347 2618 1515 2663 ecclesie,
1540 2617 1590 2654 hii

269 2698 397 2728 autem
422 2690 642 2728 blasfemius
663 2690 767 2739 quod
795 2690 898 2738 leges
919 2696 954 2726 et
975 2690 1228 2726 execuciones
1249 2701 1393 2734 earum,
1415 2696 1451 2725 et
1471 2700 1591 2736 quan-

269 2761 397 2810 doque
418 2760 568 2805 iniuste,
589 2759 762 2797 faciende
785 2766 873 2796 sunt
893 2766 933 2796 ut
955 2759 1094 2796 subditi
1116 2765 1336 2803 terreantur,
1359 2765 1394 2795 et
1415 2758 1464 2794 liii
1486 2757 1591 2805 quod

216 2830 340 2870 35hec
372 2829 483 2878 culpa
515 2829 639 2867 solum
673 2829 774 2868 cadit
805 2829 843 2866 in
876 2829 1078 2878 prepositis
1111 2829 1176 2866 sed
1208 2829 1332 2865 maius
1351 2827 1529 2864 meritum
1552 2827 1591 2862 in

270 2907 278 2925 ¹
295 2917 375 2938 corr.
390 2906 475 2937 Edd.
490 2917 529 2937 cx
542 2912 686 2948 prosunt,
701 2916 731 2940 Α,
747 2915 775 2938 Β.
816 2905 827 2922 ²
842 2906 1060 2944 novellorum*¹
1075 2915 1106 2936 Λ.
1148 2905 1158 2922 ³
1176 2905 1242 2943 ille,
1258 2913 1290 2936 Α.
1337 2904 1347 2922 ⁴
1364 2904 1542 2941 blasfemia,
1558 2912 1591 2935 Α.

1781 330 1862 376 235

1601 437 1724 463 Because
1739 437 1759 462 it
1773 445 1812 462 re-

1599 470 1691 502 quires
1704 470 1802 502 higher

1599 503 1714 529 wisdom
1724 510 1752 528 to
1763 509 1803 529 set

1599 537 1672 562 forth
1686 537 1773 562 God's
1787 536 1841 562 will

1599 570 1665 595 than
1686 576 1714 595 to
1727 570 1799 602 obey
1814 569 1835 595 it

1598 612 1628 628 as
1642 609 1683 628 set
1697 604 1780 629 forth.
1808 603 1864 629 But

1598 642 1627 662 to
1638 636 1716 662 resist
1735 637 1796 662 that

1598 670 1688 696 which
1703 669 1725 695 is
1739 676 1786 695 not

1598 704 1685 735 really
1699 704 1785 729 God’s
1798 703 1853 729 will

1598 736 1621 763 is
1634 737 1817 763 meritorious.

1600 931 1667 956 Men
1683 936 1756 957 must
1770 931 1804 957 be

1597 965 1734 990 therefore
1750 966 1756 977 ‘
1767 965 1834 990 slow

1596 1003 1624 1024 to
1638 998 1744 1030 speak‚'
1757 1007 1833 1030 espe-

1597 1031 1682 1063 cially
1693 1037 1721 1057 to
1734 1031 1799 1063 give

1597 1066 1760 1090 commands
1769 1064 1797 1090 in

1599 1098 1693 1130 things
1704 1098 1821 1124 neutral.

1599 1131 1679 1160 This,
1692 1137 1720 1157 to
1729 1131 1776 1156 the
1785 1137 1864 1164 great

1599 1164 1678 1190 harm
1691 1165 1723 1190 of
1733 1165 1779 1190 the

1599 1198 1713 1228 chureii,
1728 1207 1779 1223 our
1788 1207 1848 1230 pre-

1601 1232 1670 1257 lates
1684 1231 1781 1264 forget.

1604 2207 1649 2233 All
1664 2207 1719 2233 this
1732 2215 1824 2233 comes
1842 2208 1873 2234 os

1604 2250 1654 2266 our
1667 2241 1764 2273 falling
1777 2249 1858 2272 away

1605 2274 1675 2300 from
1689 2274 1736 2299 the
1750 2275 1824 2306 Apo-

1606 2307 1686 2334 stolic
1699 2307 1826 2340 religion.
