2018 3401
58 329 114 367 42
763 329 827 361 DE
858 328 1055 362 OFFICIO
1087 329 1243 363 REGIS.

56 440 262 501 ffiioffrieiffisse
336 432 598 471 honorabilior
646 433 816 481 Nerone,
863 435 954 484 quia
997 442 1074 472 tarn
1122 434 1285 473 ecclesia
1331 435 1499 472 militans
1550 447 1667 485 quam

56 517 131 534 more
145 509 249 541 perfect
336 505 579 554 triumphans
619 504 822 543 honoravit
851 517 918 543 eos
946 512 1145 555 tamquam
1175 506 1383 555 apostolos,
1423 518 1503 543 non
1537 513 1669 544 tamen

56 541 176 568 because
191 551 266 568 more

55 576 270 636 {gffffs'gr‘lidfmm
338 576 442 613 dedit
463 577 518 614 eis
539 588 654 625 super
678 576 990 614 habundanciam
1019 577 1140 626 glorie
1170 577 1351 614 secularis
1381 590 1428 615 eo
1459 577 1564 627 quod
1594 577 1667 615 hoc

336 646 504 684 nonfuit
533 648 611 685 eis¹
632 648 876 685 conveniens.
933 647 984 685 Et
1014 654 1118 697 patet
1147 647 1252 698 quod
1284 648 1463 686 sacerdos
1494 648 1669 697 aspirans

334 717 383 754 ad
441 718 610 756 honores
665 718 853 756 seculares
908 725 1066 768 propter
1118 718 1482 768 appropriacionem
1534 730 1667 768 super·
1683 732 1701 764 5

334 787 603 827 habundancie
633 789 905 838 temporalium
925 790 983 827 vel
1004 789 1118 827 aliam
1149 790 1361 827 secularem
1391 789 1667 828 excellenciam

53 866 260 931 ξᾶιιτῖξῗῖῗτὲζ
273 867 320 892 the
334 859 509 909 deturpat
546 867 795 898 monstruose
833 860 1135 898 ecclesiasticam
1174 856 1415 911 dignitatem.
1483 860 1576 898 Non
1615 860 1667 898 sic

333 937 462 967 autem
496 931 653 980 quando
689 931 852 968 ecclesia
883 931 982 968 stetit
1012 932 1051 968 in
1085 938 1309 981 paupertate
1340 933 1511 981 primeva
1549 943 1667 982 quam

53 998 244 1058 {gge‘ffi‘gffij
258 999 289 1025 0s
333 1001 481 1038 Cristus
495 1001 664 1038 instituit.
706 1001 821 1038 Unde
835 1001 941 1039 Beda
955 1002 1052 1040 libro
1067 1001 1144 1038 iii0²
1156 1003 1325 1051 capitulo
1340 1003 1476 1040 xxviiio
1490 1002 1536 1040 de
1552 1009 1668 1052 gestis
1681 1009 1786 1083 {Effl-
1796 1009 1885 1041 Hist.

1697 1078 1703 1084 .
1721 1062 1767 1084 111.

53 1066 166 1125 ζᾷᾗῇῗξ
179 1066 247 1125 2ss5³
260 1066 292 1092 0f
332 1072 554 1121 Anglorum
584 1079 714 1110 narrat
751 1072 857 1122 quod
885 1079 1060 1122 tempore
1079 1072 1270 1110 Wilfridi³
1293 1081 1329 1111 et
1358 1073 1490 1112 Cedde
1520 1074 1666 1123 episco-
1681 1106 1708 1127 c·
1726 1095 1855 1138 xxviii.]

53 1132 154 1165 Chad,'
167 1133 202 1158 he
215 1142 289 1165 says,

54 1167 61 1178 ‘
71 1166 148 1204 there
162 1176 219 1192 was
231 1172 310 1199 great

52 1206 310 1261 ἒῃὸἓεζζέζζῗζᾌζ
333 1215 440 1252 cordi
471 1227 551 1252 non
571 1215 716 1262 ventri3
756 1216 1016 1265 quapropter⁴¹
1046 1215 1241 1265 religionis
1271 1216 1423 1253 habitus
1452 1216 1492 1253 in
1523 1227 1667 1265 magna

51 1275 114 1298 age,
129 1267 185 1292 and
199 1267 246 1293 the
603 1286 609 1293 .
733 1287 740 1293 .
1083 1287 1089 1293 .
1519 1287 1525 1294 .

54 1300 150 1332 clergy
162 1301 218 1326 anci
333 1293 413 1323 erat
439 1298 701 1333 veneracione,
731 1293 782 1323 ita
815 1287 922 1335 quod
953 1285 971 1305 *
1003 1287 1162 1324 clericus
1192 1293 1229 1324 et
1258 1287 1474 1325 monachus
1503 1287 1665 1324 libenter
1677 1292 1722 1320 10
1739 1300 1770 1322 c.

52 1334 151 1359 monks
164 1343 236 1359 were
255 1334 320 1360 held
423 1357 429 1363 ,
728 1357 734 1364 .
756 1357 762 1363 .
908 1357 914 1363 .
1137 1357 1144 1364 .
1196 1358 1203 1365 .
1257 1358 1264 1364 .

52 1366 80 1404 ῑῃ
93 1373 172 1409 grfat
186 1367 296 1394 estima-
333 1363 585 1406 susciperetur
605 1364 641 1394 et
662 1358 710 1394 ab
726 1357 991 1394 itinerantibus
1007 1358 1232 1395 benediccio
1255 1358 1407 1395 illorum
1428 1364 1664 1408 posceretur,

52 1406 185 1461 {¹32¹f'666.
332 1439 401 1465 nec
440 1428 494 1465 eis
533 1428 607 1465 alia
645 1427 811 1464 adeundi
826 1425 840 1447 ⁵
868 1427 973 1465 vicos
1020 1440 1135 1465 causa
1175 1428 1243 1466 suit
1281 1441 1398 1478 quam
1436 1428 1660 1478 predicandi
1678 1436 1715 1468 Ι5

335 1154 474 1192 porum
494 1149 574 1181 erat
594 1155 738 1192 magna
769 1155 861 1180 cura
889 1143 1113 1181 doctoribus
1132 1143 1220 1182 Deo
1251 1145 1389 1182 servire
1415 1156 1494 1182 non
1524 1144 1667 1190 seculo,

331 1498 548 1547 baptisandi
568 1505 604 1535 et
625 1499 771 1536 animas
791 1498 950 1536 curandi
972 1499 1109 1547 gracia,
1133 1511 1204 1536 nec
1225 1499 1355 1549 aliqua
1368 1499 1380 1520 ⁶
1400 1500 1663 1549 possessiones

330 1569 379 1606 ad
399 1569 666 1607 constituenda
695 1569 928 1607 monasteria
959 1569 1029 1606 nisi
1050 1582 1072 1606 a
1091 1571 1347 1619 potestatibus
1377 1570 1528 1608 oblatas
1552 1572 1664 1620 quasi

329 1640 450 1677 coacti
482 1646 673 1689 superent,
706 1646 742 1677 et
781 1640 928 1677 utinam
960 1639 1052 1678 illud
1084 1641 1251 1678 seculum
1275 1653 1434 1678 aureum
1464 1642 1662 1679 reveniret.

52 1706 209 1772 gggssgnwity,
331 1709 456 1748 Modo
487 1718 615 1749 autem
649 1724 669 1748 e
702 1710 860 1750 contra⁷
887 1711 1057 1748 nituntur
1092 1711 1216 1750 clerici
1251 1713 1337 1762 plus
1368 1713 1507 1750 servire
1532 1712 1662 1750 seculo

330 1794 448 1831 quam
477 1782 662 1827 Domino,
697 1782 783 1831 plus
821 1782 940 1819 ventri
979 1795 1095 1832 quam
1137 1783 1280 1829 animo,
1324 1783 1518 1820 circueunt
1557 1783 1661 1820 vicos
1677 1791 1716 1812 ²0

50 1867 234 1900 worldliness,
330 1851 483 1890 iocandi
527 1853 743 1890 luxuriandi
773 1854 830 1890 vel
874 1854 1194 1892 excomunicandi
1233 1854 1373 1903 gracia,
1415 1854 1565 1891 visitant
1603 1866 1661 1892 se-

329 1924 476 1962 culares
505 1924 631 1961 curias
661 1931 904 1962 transeuntes
934 1924 1041 1974 alpes
1062 1931 1098 1961 et
1119 1924 1240 1961 maria
1260 1924 1309 1962 ad
1329 1925 1661 1974 appropriandum

50 1999 206 2033 andlying·
328 1995 383 2031 eis
422 2000 607 2043 perpetuo
646 1995 872 2044 temporalia
910 2007 979 2044 per
1018 1996 1287 2045 suggestiones
1326 1995 1509 2032 subdolas
1547 2001 1662 2044 atque

328 2066 530 2103 mendacia
568 2072 604 2103 et
643 2072 772 2103 tamen
810 2066 994 2104 blasfeme
1035 2067 1228 2116 garriuntss
1268 2066 1374 2115 quod
1415 2078 1494 2104 non
1533 2067 1661 2103 minus

328 2137 516 2174 debentur
537 2136 590 2173 eis
611 2136 779 2174 honores
799 2137 957 2186 primevi
988 2137 1252 2175 sacerdotibus
1280 2143 1453 2174 sanctum
1483 2137 1660 2174 ordinem
1677 2142 1714 2174 ²5

327 2208 563 2245 servantibus
597 2208 837 2246 ministrare⁹
870 2216 907 2246 et
942 2209 995 2246 sic
1035 2208 1240 2258 sophistice
1280 2209 1490 2246 reclamant
1528 2215 1662 2245 contra

49 2280 296 2341 {hgxtgffseesttshffi-
327 2279 550 2328 detegentes
571 2291 706 2316 eorum
728 2279 832 2317 vicia.
897 2279 1026 2325 ‘Nos‚'
1048 2279 1236 2329 inquiunt,
1262 2282 1416 2317 ‘sumus
1441 2279 1661 2317 sacerdotes

46 2348 143 2374 δεινῶ·
326 2349 497 2395 Domini,
534 2362 605 2387 nos
640 2362 771 2387 sumus
801 2358 933 2388 sancta
967 2351 1081 2389 Cristi
1120 2351 1294 2397 ecclesia,
1330 2351 1442 2388 nobis
1477 2363 1660 2388 concessa

329 2427 418 2457 sunt
452 2432 474 2456 a
506 2421 660 2469 regibus
695 2428 732 2458 et
766 2422 919 2470 populis
950 2429 1005 2459 tot
1040 2422 1247 2471 privilegia,
1285 2423 1396 2460 nobis
1431 2434 1510 2459 non
1545 2422 1659 2459 debet

329 2491 531 2540 quisquam
569 2491 705 2529 inferre
744 2493 932 2541 obprobia
970 2504 1041 2530 nec
1080 2493 1216 2542 aliquis
1255 2505 1327 2530 nos
1361 2493 1550 2540 corrigere
1584 2492 1655 2529 nisi
1671 2505 1713 2535 30

49 2566 286 2632 {ffirnguffilsifity
327 2561 450 2610 papa.'
509 2561 584 2598 Sed
611 2562 692 2599 laus
722 2561 808 2600 Deo
835 2563 906 2600 ista
941 2563 1139 2612 duplicitas
1169 2563 1476 2612 equivocacionis
1510 2562 1653 2599 diaboli
1667 2566 1713 2595 X.

48 2635 174 2660 covered.
326 2631 646 2681 quoddammodo
675 2640 730 2670 est
759 2634 906 2671 detecta
919 2633 957 2671 ¹⁰.
1017 2633 1119 2671 Nam
1149 2634 1220 2671 nisi
1248 2646 1455 2682 sequamur
1485 2633 1654 2670 Cristum

326 2703 364 2739 in
385 2704 567 2749 moribus,
590 2711 762 2742 tenentes
793 2705 965 2754 regulam
995 2705 1217 2755 primevam,
1241 2704 1384 2742 nedum
1414 2717 1493 2742 non
1523 2716 1656 2742 sumus

370 2825 378 2842 ¹
404 2835 465 2855 om.
482 2825 538 2862 eis,
557 2833 590 2856 A.
644 2824 656 2841 ²
679 2826 736 2864 vi0,
755 2834 789 2863 A,
808 2833 845 2860 Β;
870 2825 1073 2865 angelorum,
1092 2833 1124 2862 Α,
1144 2833 1175 2856 13.
1231 2826 1242 2843 ³
1268 2825 1438 2865 Wulfredi,
1457 2835 1488 2857 Β.
1543 2825 1554 2843 ⁴
1579 2825 1656 2866 quia

326 2882 460 2917 propter
472 2884 506 2914 Α,
528 2885 566 2913 Βς
591 2887 672 2908 corr.
687 2878 755 2908 cdd.
818 2877 830 2894 ⁵
853 2877 993 2908 adeundi
1006 2876 1082 2914 alia,
1098 2884 1126 2908 B.
1180 2877 1192 2895 ⁶
1217 2877 1345 2918 aliquis,
1361 2886 1390 2908 Β.
1445 2876 1458 2895 ⁷
1481 2878 1655 2909 nitunture

326 2932 449 2966 contra,
465 2936 494 2958 Β.
519 2926 531 2945 ⁸
546 2930 715 2969 ganniunt,
730 2937 760 2960 Β.
789 2929 801 2948 ⁹
817 2929 1007 2968 ministrare,
1022 2937 1056 2960 A.
1091 2927 1113 2945 ¹⁰
1129 2933 1176 2960 est
1189 2929 1316 2961 detecta
1329 2929 1607 2971 quoddammodo,
1623 2937 1652 2960 Β.
