2018 3401
135 298 187 339 26
834 301 898 332 DE
931 301 1127 333 orriolo
1161 300 1316 331 REGIS.

413 408 539 458 ipsum
565 406 814 456 presupponit
842 412 1031 450 naturam,
1054 411 1091 442 et
1114 404 1168 441 sic
1193 404 1240 441 de
1267 404 1479 442 honoribus
1506 403 1571 453 qui
1596 404 1644 441 ab
1666 404 1744 441 istis

131 478 631 545 ‹aFSZrlfvg‘titffein-‹stnotracionibus
666 477 878 526 capiuntur.
937 473 1062 512 Nam¹
1098 487 1176 513 non
1208 474 1512 524 ymaginandum
1548 481 1604 511 est
1639 473 1745 524 quod

131 552 348 611 'gssfflssi’ossusssss
411 550 529 586 virtus
554 549 620 586 sit2
640 555 774 584 natura
795 559 869 596 que
890 546 1034 595 potest3
1054 558 1124 595 per
1145 557 1184 582 se
1205 545 1388 583 existere:
1411 545 1478 583 sed
1500 552 1555 582 est
1569 553 1744 582 naturam

132 623 252 648 nature)
412 632 496 657 esse
524 620 742 663 virtuosam,
765 624 804 655 ut
829 617 904 654 dixi
935 616 1039 653 alias.
1098 616 1147 653 Et
1173 623 1276 665 patet
1305 616 1389 661 hoc,
1415 616 1520 665 quod
1550 616 1655 662 deus,
1680 615 1745 665 qui

132 696 171 723 So
184 696 382 723 Godrewards
413 702 492 727 non
518 696 644 739 potest
670 701 806 734 errare,
831 688 869 724 in
896 687 1046 737 premio
1073 686 1138 724 dat
1165 687 1414 735 cuicumque*
1441 687 1569 724 decori
1597 685 1743 731 morali,
1760 696 1777 728 5

133 730 223 756 virtue
239 731 280 756 sor
292 730 368 755 itself

132 764 360 829 fflffiozffieglbffltgffity
412 761 549 797 virtute
570 759 694 796 finalis
718 758 1003 808 perseverancie
1025 757 1243 803 informato,
1265 757 1603 795 honorificeneiam
1625 756 1744 806 patrie
1758 768 1778 798 7
1796 766 1831 796 b.

133 840 165 857 0¹
177 837 283 856 nature·
412 832 614 876 infinitam,
636 837 673 868 et
701 830 782 867 aliis
807 829 1006 866 virtutibus
1038 828 1101 865 dat
1124 828 1342 865 mercedem
1364 828 1621 876 mitigacionis
1645 839 1745 876 pene

414 910 606 952 perpetue,
626 901 692 938 sed
714 913 793 938 non
814 907 963 936 tanturn
978 911 1046 948 per
1060 911 1098 936 se
1115 899 1274 948 premiat
1296 898 1463 935 officium
1484 898 1542 935 vel
1558 904 1745 935 naturam.

135 965 162 991 It
175 964 283 991 follows
297 964 356 990 also

133 999 196 1025 that
210 998 305 1024 Christ
318 1007 349 1023 as

135 1033 183 1058 the
197 1041 294 1057 source
308 1032 339 1057 of

132 1066 225 1091 virtue
238 1065 261 1091 is
275 1065 334 1090 infi-

133 1099 222 1131 nitely
235 1107 309 1124 more
322 1097 374 1124 vir·
848 1112 854 1118 .
1287 1111 1292 1116 .
1360 1110 1365 1117 .
1482 1110 1488 1116 .
1573 1110 1579 1116 .

134 1139 225 1163 mous,
240 1133 295 1157 and
310 1132 399 1157 there-
413 1114 521 1151 Patet
548 1126 596 1151 ex
625 1112 699 1150 hoc
717 1111 824 1161 quod
846 1124 925 1161 1pse
949 1124 1017 1161 per
1037 1123 1076 1148 se
1098 1123 1214 1148 causa
1234 1110 1435 1147 cuiuslibet
1456 1116 1601 1147 V1rtut1s
1622 1117 1746 1148 create

133 1166 192 1192 sore
207 1165 345 1197 infinitely
413 1185 419 1192 .
510 1184 516 1190 .
662 1184 668 1190 .
783 1183 789 1189 .
1050 1182 1056 1188 .
1118 1181 1123 1185 -
1460 1179 1463 1185 ,
1671 1180 1677 1187 .

134 1205 253 1225 moreto
267 1199 300 1224 be
315 1199 382 1224 hon-
411 1184 602 1221 infinitum
636 1192 837 1220 virtuosior
864 1194 982 1231 quam
1011 1181 1146 1231 aliquis
1174 1180 1287 1218 frater
1316 1192 1418 1218 suus.
1453 1183 1471 1199 '¹‘
1503 1180 1618 1218 Unde
1650 1188 1745 1218 sieut
1759 1183 1839 1213 Fol.
1854 1183 1915 1214 112
1933 1191 1964 1214 a.

134 1233 537 1293 gffilsstciigtfflgshonor
567 1253 711 1290 virtutis
743 1252 888 1290 extollit
920 1252 1110 1290 honorem
1137 1259 1271 1289 nature
1307 1252 1505 1297 substrate‚
1533 1251 1586 1289 sic
1621 1250 1747 1289 honor

415 972 595 1010 Secundo
629 971 800 1021 sequitur
835 970 941 1020 quod
967 970 1113 1007 Cristus
1154 969 1199 1006 sit
1234 968 1485 1006 honorandus
1523 968 1746 1006 humanitus

412 1042 730 1093 quoddammodo
753 1041 943 1077 infinitum
967 1040 1052 1089 plus
1079 1052 1196 1089 quarn
1224 1039 1381 1088 aliquod
1408 1040 1627 1076 membrum
1652 1039 1744 1076 eius.
1762 1048 1801 1073 10

415 1326 565 1363 debitus
600 1324 714 1373 capiti
750 1323 898 1361 excellit
933 1324 1123 1361 honorem
1158 1323 1432 1367 membrorum,
1465 1322 1556 1371 quia
1589 1322 1745 1360 racione

415 1396 570 1434 unionis
590 1396 764 1433 beatifice
795 1394 967 1432 excellit⁶
988 1393 1204 1431 differenter
1232 1394 1280 1431 ab
1301 1393 1383 1430 aliis
1414 1393 1602 1442 capitibus
1624 1399 1745 1430 totum
1765 1410 1801 1441 15

414 1467 610 1504 residuum
644 1466 816 1515 corporis
851 1465 1007 1503 infinite.
1065 1464 1160 1502 Ideo
1196 1464 1285 1502 dicit
1313 1465 1446 1501 beatus
1479 1463 1674 1501 Iohannes
1704 1459 1954 1503 10J0h1¹i=¹6·

416 1537 583 1587 capitulo
617 1537 722 1586 quod
756 1538 796 1573 de
828 1538 904 1574 ez'us
932 1536 1154 1584 plensludz'ne
1187 1548 1250 1571 nos
1280 1547 1397 1571 omnes
1423 1536 1644 1582 accepimus:
1665 1546 1746 1571 non

416 1608 664 1658 intelligendo
698 1607 805 1658 quod
837 1607 881 1644 sit
915 1607 1107 1644 infinitum
1139 1605 1283 1652 melior,
1308 1605 1365 1642 vel
1397 1605 1670 1651 honorabilior,
1696 1617 1745 1643 ex

417 1680 523 1717 nudo
558 1679 667 1716 titulo
702 1678 949 1715 humanitatis
983 1689 1102 1727 quam
1143 1676 1280 1726 aliquis
1313 1676 1424 1714 frater
1460 1688 1563 1723 suus,
1597 1676 1666 1714 sed
1699 1688 1746 1714 ex

416 1750 524 1788 titulo
563 1749 843 1787 inexeffabiliss‘
881 1749 1008 1797 gracie
1047 1748 1213 1784 unionis.
1271 1747 1367 1785 Ideo
1405 1747 1497 1785 dicit
1535 1746 1746 1796 Apostolus
1762 1761 1803 1784 20

418 1821 539 1859 Hebr.
570 1822 601 1858 i0
622 1821 728 1870 quod
747 1824 800 1857 esf
815 1824 915 1856 lanlo
935 1820 1063 1857 melior
1083 1820 1225 1868 angelis
1250 1820 1392 1869 effectus
1412 1823 1548 1867 quanto
1574 1819 1745 1869 dzfferen-
1760 1823 1848 1855 Heb.
1867 1823 1886 1855 i.
1905 1833 1935 1864 4.

416 1893 514 1930 cius⁷
530 1900 603 1942 pre
632 1893 709 1929 illis
737 1904 862 1928 nomen
892 1891 1116 1927 heredz'laz'z'l.
1174 1889 1243 1927 Est
1270 1890 1373 1926 enim
1395 1889 1542 1927 Cristus
1570 1901 1665 1938 pure
1685 1889 1746 1927 dei

417 1964 534 2001 filius⁸
580 1963 762 2001 naturalis
809 1968 968 2012 propter
1006 1961 1192 1997 unionem
1230 1960 1512 2009 yppostaticam
1560 1959 1747 2008 assumpti

140 2044 360 2078 [Digrefflionto
418 2029 594 2067 hominis.
651 2029 702 2066 Et
728 2028 802 2065 hoc
829 2027 952 2064 innuit
976 2026 1176 2076 apostolus
1204 2037 1294 2063 cum
1323 2025 1517 2074 adiungit:
1552 2024 1631 2063 Cui
1653 2027 1747 2062 enim

139 2080 216 2105 show
230 2080 290 2104 that
311 2077 405 2104 Christ
689 2101 694 2106 ,
739 2101 745 2106 ,
1059 2099 1064 2104 .
1531 2098 1537 2103 .
1685 2098 1691 2104 .

139 2113 163 2139 is
176 2113 223 2138 the
237 2112 356 2143 natural,
417 2101 630 2149 angelorum
651 2100 758 2136 0⁷!le
781 2110 955 2146 umquam
981 2097 1104 2147 ffiltus
1123 2110 1219 2133 meus
1238 2109 1272 2133 es
1292 2101 1342 2142 lu,
1365 2109 1426 2144 ego
1446 2097 1549 2133 hodze
1572 2109 1684 2145 gemet
1705 2101 1746 2142 le,
1763 2114 1801 2146 25

138 2146 368 2211 aitefssnagffilie
418 2172 483 2208 ubi
518 2178 621 2221 patet
654 2169 760 2220 quod
794 2169 959 2218 loquitur
999 2168 1046 2206 de
1078 2167 1206 2206 Cristo
1241 2169 1313 2204 sub
1346 2167 1502 2205 racione
1537 2179 1614 2216 qua
1648 2167 1746 2205 filius

143 2214 265 2244 bathen]
418 2242 610 2280 naturalis.
667 2242 718 2278 Et
747 2241 837 2278 hine
866 2241 955 2278 dicit
982 2239 1111 2289 glossa
1141 2251 1255 2288 super
1286 2239 1317 2275 i0
1340 2238 1455 2275 Rom.
1481 2243 1533 2275 10.
1567 2236 1645 2283 Qui
1657 2244 1745 2287 pre·
1761 2240 1857 2271 Rom.
1875 2240 1894 2270 i.
1913 2250 1942 2280 4.

419 2314 618 2350 destinatus
648 2316 702 2349 est
729 2312 789 2348 dez·
805 2311 918 2360 filius
952 2311 1023 2347 sub
1056 2310 1279 2347 auctoritate
1314 2308 1533 2357 Ieronymi:
1586 2308 1693 2346 Volvz'
1717 2312 1751 2345 et

419 2385 562 2421 revolvi
576 2385 788 2432 scrtpluras
808 2386 841 2418 el
859 2394 1056 2429 numquam
1068 2381 1197 2430 filium
1218 2381 1423 2428 adoplz'vum
1446 2380 1578 2416 inveni.
1642 2378 1747 2415 Nam

420 2454 525 2491 racio
553 2453 615 2489 filii
645 2452 811 2501 adoptivi
838 2458 910 2488 stat
936 2451 1152 2499 ingraciosa
1176 2450 1406 2499 accepcione
1433 2448 1658 2486 accidentali
1682 2448 1747 2485 filii
1761 2465 1803 2496 30

420 2536 500 2562 non
548 2523 726 2560 habentis
781 2520 987 2571 respectu⁹
1028 2521 1125 2558 illius
1173 2520 1393 2569 adoptantis
1441 2519 1636 2557 racionem
1683 2518 1747 2555 filii

422 2594 614 2639 naturalis,
648 2593 753 2643 quod
788 2604 869 2629 non
902 2599 1029 2641 potest
1062 2590 1189 2629 Cristo
1223 2596 1454 2640 competere.
1513 2589 1619 2627 Sicut
1653 2601 1746 2638 ergo

421 2665 701 2714 predestinatus
721 2669 777 2700 est
802 2663 854 2700 sic
884 2669 940 2699 est
967 2663 1095 2699 minus
1121 2662 1248 2699 bonus
1275 2672 1390 2710 quam
1421 2672 1490 2697 sua
1517 2660 1690 2706 ecclesia,
1712 2665 1748 2696 et

465 2778 475 2796 ¹
500 2778 577 2810 Non
605 2777 691 2809 enim
709 2782 773 2818 pro
801 2777 888 2808 Nam
914 2786 988 2813 non,
1015 2783 1046 2806 Β.
1146 2773 1158 2791 ²
1180 2779 1236 2811 est,
1264 2781 1294 2805 Β.
1395 2773 1406 2790 ³
1430 2783 1486 2814 per
1513 2784 1547 2804 se
1574 2777 1691 2814 potest,
1717 2782 1747 2804 Β.

422 2830 432 2848 ⁴
457 2830 582 2872 cuique,
602 2838 634 2861 Α.
719 2829 730 2845 ”’
754 2828 892 2863 excedit.
911 2835 941 2858 B.
1022 2825 1033 2842 ‘⁷
1057 2826 1241 2865 ineffabilis,
1261 2833 1291 2857 Β.
1370 2823 1382 2840 ⁷
1405 2825 1618 2864 differencius,
1635 2835 1694 2856 om.
1714 2833 1746 2855 Λ.

422 2883 432 2899 ¹
457 2881 544 2912 filius
561 2881 622 2919 dei,
644 2889 671 2911 Β.
762 2880 773 2898 ⁹
798 2885 987 2920 respectum,
1005 2887 1036 2909 Α.
