2018 3401
711 321 776 352 DE
808 321 1000 354 OFFICIO
1034 321 1188 352 REGIS.
1823 323 1902 361 149

295 425 497 474 quomodo
518 426 658 475 incepit
677 433 851 475 tempore
872 427 965 476 legis
985 426 1082 464 date.
1140 426 1247 463 Patet
1273 427 1395 463 eciam
1423 424 1622 475 quomodo

294 496 405 533 multi
442 496 555 534 hodie
594 495 709 534 sunt¹
745 497 851 534 nudo
885 498 1041 535 nomine
1074 497 1200 535 clerici
1238 509 1327 534 cum
1357 497 1434 533 vita
1465 502 1503 533 et
1535 507 1624 544 pro-

81 567 127 596 32
144 576 173 598 0·
294 569 450 617 prietate
480 569 736 618 possessionis
767 576 854 607 sunt
888 569 985 614 laici,
1007 568 1026 589 *
1047 576 1083 607 et
1121 570 1191 606 ista
1220 568 1420 617 duplicitas
1454 568 1621 605 creditur

77 651 271 692 AugusUne,
293 640 528 677 confundere
549 647 711 678 matrem
735 647 916 678 nostram.
956 640 1098 678 Tercio
1118 640 1336 688 intelligitur
1357 639 1501 676 dictum
1521 639 1619 676 beati
1635 645 1664 672 S.
1679 646 1847 679 Augustino.

79 695 190 725 Enarr.
209 694 242 725 in

77 738 128 769 Ps.
147 737 236 768 lxvii.

79 790 120 821 14
132 781 178 812 ad
189 792 259 812 sen-
292 782 406 818 cleros
415 789 534 830 penne
552 783 708 820 columbe
728 783 956 831 dcot‘gentote
974 786 1121 819 etcetera
1135 781 1158 818 2.
1219 780 1355 826 Oleros,
1372 781 1504 831 inquit,
1515 795 1623 830 grece

75 835 161 855 sum.

294 710 499 759 Augustini
531 724 644 760 super
670 711 734 749 illo
765 711 903 760 psalmi
923 711 1035 748 lxvii:
1067 710 1118 748 Si
1142 711 1336 747 dormiatis
1365 711 1459 747 inter
1489 711 1622 746 medios

292 865 374 889 sors
404 854 552 898 dicitur,
591 858 625 890 et
659 858 771 890 sortes
800 866 850 890 ex
880 854 1124 902 promissione
1161 853 1221 889 dei
1246 857 1377 902 parles
1413 852 1623 889 hereditatis

294 928 481 970 vocantur,
508 937 573 972 que
598 929 691 961 sorte
719 928 807 961 sunt
828 925 960 972 populo
991 924 1190 960 distribute.
1252 924 1354 960 Unde
1379 925 1499 961 tribus
1527 923 1627 960 Levi

74 998 156 1028 Pol.
169 997 237 1027 145
248 998 282 1027 b.
291 999 458 1043 preccpta
488 999 540 1031 est
564 1008 634 1031 non
667 995 796 1032 habere
820 1000 948 1031 sortem
977 996 1071 1031 inter
1097 993 1115 1013 *
1133 995 1288 1044 smtres
1316 1008 1410 1039 suos,
1438 995 1502 1031 sed
1527 996 1625 1043 quod

76 1069 202 1118 Nunib.
293 1077 414 1101 eorum
436 1066 581 1102 decimis
599 1069 824 1103 sustentetur.
880 1064 983 1101 lVom
1005 1070 1038 1102 et
1054 1065 1200 1101 clericos
1215 1066 1301 1102 lu'nc
1320 1066 1516 1114 appellatos
1528 1070 1620 1114 puto

78 1123 168 1144 xvm'
188 1121 236 1143 ²0*
293 1137 361 1183 qm·
383 1140 471 1172 sunt
505 1139 544 1173 in
581 1137 815 1173 ecclesiastici
838 1137 1037 1173 mz'nz'sterii
1055 1137 1240 1184 gradibus
1268 1137 1442 1173 ordinati.
1516 1137 1621 1174 Unde

291 1206 468 1244 silatlu'czs
495 1212 588 1244 sorte
610 1209 736 1244 electus
765 1212 824 1252 est,
853 1220 954 1255 quem
973 1208 1141 1256 primum
1163 1214 1236 1256 per
1261 1209 1439 1256 apostolos
1465 1209 1620 1256 legimus

76 1283 159 1313 Acts
174 1282 195 1312 i.
215 1281 265 1313 26.
293 1279 514 1315 ordinatum.
572 1278 687 1315 Unde
717 1279 807 1327 quia
838 1291 907 1327 pro
929 1278 1100 1315 secundo
1121 1284 1349 1316 testamento
1377 1278 1485 1315 datur
1511 1278 1619 1315 here-

293 1348 402 1394 ditas,
425 1349 532 1398 quasi
561 1360 643 1386 sors
664 1361 798 1386 eorum
829 1349 895 1398 qui
924 1349 978 1386 eis
998 1348 1186 1386 voluerint
1215 1348 1396 1386 adherere
1425 1349 1619 1398 signanter

242 1435 280 1466 15
295 1419 428 1457 dicitur
449 1419 567 1457 modo
587 1420 769 1469 loquendi
790 1418 1016 1457 Grecorum.
1074 1419 1110 1458 O
1132 1432 1199 1457 vos
1228 1420 1356 1457 clerici
1382 1421 1447 1470 qui
1474 1420 1619 1457 debetis

291 1503 375 1528 esse
398 1498 515 1539 penne
546 1491 703 1527 columbe
726 1492 966 1539 deargentate,
988 1491 1018 1527 si
1048 1491 1187 1540 sopiti³
1208 1491 1286 1527 sitis
1307 1491 1416 1540 quasi
1436 1491 1475 1528 in
1499 1492 1619 1528 extasi

291 1562 516 1599 auctoritate
563 1562 725 1611 duplicis
763 1562 992 1607 testamenti,
1031 1567 1068 1599 et
1115 1562 1326 1610 posteriora
1373 1562 1475 1600 dorsi
1522 1562 1620 1600 illius

291 1634 472 1670 columbe
494 1633 662 1670 radicata
681 1633 819 1670 fuerint
850 1633 889 1669 in
919 1633 1050 1682 palore
1071 1633 1151 1669 auri
1180 1640 1217 1670 et
1246 1632 1286 1669 in
1307 1633 1498 1670 caritativa
1520 1635 1620 1682 sapi—

292 1704 410 1750 encia,
447 1703 538 1740 dum
570 1711 683 1752 caput
715 1704 885 1749 ecclesie,
918 1704 983 1752 qui
1015 1710 1071 1740 est
1102 1703 1221 1741 homo
1242 1691 1411 1750 celestis,
1442 1704 1620 1742 discernit

242 1782 282 1805 20
296 1775 392 1812 viros
420 1775 673 1823 euangelicos
704 1774 813 1823 quasi
845 1786 953 1822 reges
983 1786 1096 1823 supcr
1125 1775 1415 1812 edificacionem
1444 1776 1616 1820 ecclesie,

293 1854 382 1883 tunc
403 1846 534 1883 fideles
564 1847 646 1882 nive
673 1846 936 1882 dealbabuntur
955 1847 993 1882 in
1022 1850 1136 1882 monte
1164 1845 1321 1891 Selmon,
1344 1846 1439 1884 sicut
1460 1847 1620 1895 contigit

295 1918 428 1967 spiritu
463 1924 598 1955 sancto
625 1917 754 1954 misso.
810 1916 871 1953 Ex
907 1916 986 1953 istis
1018 1916 1143 1965 primo
1173 1916 1373 1966 colligitur,
1404 1918 1616 1955 secundum
1628 1919 1896 1986 (lgssffiffffilcelffik

292 1989 386 2026 istos
417 1995 491 2026 tres
519 1995 672 2026 sanctos
696 1988 874 2025 doctores
905 1987 1042 2037 lingwe
1072 1993 1109 2024 et
1139 2000 1274 2025 sensus
1304 1989 1488 2038 scripture
1520 1990 1615 2038 peri·
1628 1987 1895 2053 ᾗξῃζῑῑύξὲῑῇῗζῆζζῑ

290 2061 468 2106 tissimos,
488 2060 593 2109 quod
614 2059 740 2097 clerici
761 2066 943 2107 ceperunt
958 2071 1027 2107 per
1047 2058 1275 2096 divisionem
1296 2060 1614 2108 speculativorum
1627 2054 1866 2114 {jg'jl¹³}lf‘¹'¹¹gfi¹¹¹²⁵

236 2142 312 2174 25a
349 2131 454 2168 laicis
492 2131 659 2168 viventes
698 2130 744 2167 de
783 2130 942 2166 decimis
979 2137 1015 2166 et
1053 2130 1204 2178 privatis
1247 2130 1476 2176 elemosinis,
1509 2131 1614 2168 laicis

73 2193 203 2276 Rimas·
219 2200 253 2266 ΙΟ-
290 2202 523 2240 secularibus
552 2201 722 2250 negociis
752 2200 1050 2246 intendentibus,
1074 2206 1114 2236 ut
1136 2201 1225 2238 dicit
1246 2201 1442 2238 decretum
1463 2202 1513 2238 xii
1535 2215 1570 2251 q.
1592 2201 1615 2239 i.

133 2260 139 2266 ’
238 2260 245 2267 ’
291 2273 397 2310 Patet
419 2272 589 2310 secundo
609 2271 807 2321 quomodo
832 2283 911 2307 non
942 2278 1092 2319 oportet
1121 2271 1226 2320 quod
1255 2272 1338 2320 quis
1369 2273 1415 2309 sit
1444 2272 1613 2317 clericus,
1626 2285 1665 2315 (ii)
1677 2286 1858 2312 Thataman

1629 2329 1693 2352 may
1707 2320 1739 2345 be
1753 2329 1770 2345 a

290 2344 376 2381 licet
398 2344 444 2380 sit
462 2342 725 2393 philosophus,
748 2341 922 2391 pontifex
943 2348 979 2378 et
1001 2342 1189 2379 sacerdos.
1247 2341 1349 2379 Nam
1370 2342 1442 2380 Iob
1462 2343 1812 2412 gentili31'hi¹{’{{³p¹¹⁰3
1826 2362 1843 2378 a

1628 2395 1681 2419 pOIl
1699 2396 1705 2412 1
1732 2407 1737 2417 ‚
1752 2396 1786 2412 mi
1821 2396 1837 2412 a

289 2414 357 2452 fuit
395 2426 560 2464 magnus
598 2413 862 2463 philosophus,
897 2411 1171 2450 Mechisedech
1205 2425 1294 2451 vero
1333 2413 1400 2450 suit
1437 2414 1612 2451 sacerdos
1627 2420 1852 2479 ss¹‘}ss,⁵²’‘*'³1²¹¹‘{¹¹²

1645 2464 1659 2479 c
1691 2464 1835 2487 gaces*-

235 2497 277 2528 30
292 2486 390 2523 Gen.
435 2497 492 2532 14,
526 2493 562 2522 et
601 2485 791 2534 principes
829 2483 947 2520 seculi
986 2490 1074 2520 sunt
1113 2484 1322 2532 pontifices,
1357 2491 1398 2521 ut
1438 2492 1540 2533 patet
1575 2485 1613 2521 in

75 2559 210 2594 Isidore,
290 2557 440 2593 duabus
471 2557 619 2605 legibus
654 2555 825 2604 superius
856 2554 1037 2602 allegatis,
1062 2562 1098 2592 ct
1125 2555 1258 2593 beatus
1279 2554 1468 2593 Ysidorus
1497 2556 1613 2593 tercio

74 2602 242 2677 Εὲῃὸἳᾞζ
292 2628 338 2666 de
360 2639 514 2665 summo
535 2628 640 2665 bono
661 2626 826 2675 capitulo
848 2637 896 2672 39
918 2625 1016 2661 dedit
1033 2625 1118 2661 dem
1128 2626 1363 2674 prim-apibus
1383 2627 1612 2674 presulatum

74 2690 357 2748 ¹¹¹·0·XXXix·pro
377 2699 550 2747 regimine
572 2698 806 2747 populorum.
862 2694 911 2732 Et
938 2701 1041 2744 patet
1071 2696 1198 2742 tercio,
1219 2695 1430 2733 secundum
1458 2696 1838 2763 exposi-(212sshjrtctthhze

291 2770 443 2808 cionem
465 2769 630 2807 doctoris
651 2776 727 2805 tam
749 2767 830 2804 noti
851 2773 886 2804 et
903 2766 1006 2810 tanti,
1024 2766 1238 2815 Augustini,
1257 2774 1293 2804 et
1312 2767 1610 2804 concordancias
1623 2764 1825 2824 {fffiffilffgffi
1835 2808 1865 2824 a<

335 2868 343 2885 ¹
372 2867 491 2898 habent
509 2872 573 2908 pro
597 2872 681 2905 sunt,
700 2875 730 2896 κ.
818 2863 830 2880 '·‘
854 2868 929 2895 nola
954 2863 990 2894 iu
1015 2874 1137 2904 marg:
1161 2874 1265 2905 penne
1287 2864 1440 2896 columbe
1462 2864 1612 2895 dicuntur

290 2919 482 2957 sacerdotes,
503 2927 535 2949 A.
623 2919 634 2935 2'·
659 2918 791 2959 duplici,
812 2925 842 2947 Α.
