2018 3401
152 321 236 364 230

151 437 218 467 tion,
233 437 289 462 and
309 445 350 462 re-

150 470 250 497 moval.

152 710 189 736 So
199 715 245 736 too
256 710 366 743 Augus-

151 743 232 770 tine’s
245 744 312 770 rule.

150 920 175 946 Α
190 919 320 952 maiority
333 919 390 946 osa

150 954 267 992 chapter
285 962 350 986 may

150 995 283 1019 lmprison
299 995 317 1012 a

151 1020 264 1046 brother
276 1020 318 1045 for
331 1019 417 1052 right-

150 1054 190 1080 sul
209 1053 413 1080 disobedience.

150 1212 237 1237 What
251 1211 273 1237 is
287 1212 334 1237 the

150 1245 289 1278 necessity
298 1246 330 1271 of
337 1244 385 1270 im-

150 1278 323 1311 prisonment
338 1278 366 1305 in

151 1312 207 1338 this
221 1321 284 1339 case
298 1312 309 1338 ¹?

154 1974 230 2000 Such
244 1982 261 1999 a
274 1973 389 2006 chapter

154 2007 247 2034 would
262 2007 376 2033 become
388 2015 403 2032 a

154 2050 253 2067 source
267 2041 296 2067 of
311 2049 422 2073 corrup-

155 2074 222 2100 tion.

158 2607 220 2632 The
235 2605 313 2638 King
327 2604 416 2630 there-

158 2641 216 2665 fore
230 2645 303 2664 must
317 2644 365 2664 not

158 2672 301 2699 authorize
312 2671 405 2705 impri-

158 2711 294 2733 sonment.

848 316 913 347 DE
945 316 1139 349 OFFICIO
1172 315 1328 348 REGIS.

430 423 586 460 cionem
619 430 657 460 et
692 423 978 461 correccionem
995 434 1004 467 ;
1040 421 1103 459 illa
1134 429 1262 458 autern
1297 432 1377 458 non
1403 420 1511 470 ponit
1541 421 1754 458 incarcera-

431 495 597 540 cionem,
620 494 687 531 sed
719 494 982 531 hortacionem
1011 499 1048 529 et
1076 491 1349 530 comunicandi
1377 490 1694 535 subtraccionem,
1716 496 1758 527 ut

429 571 534 615 patet
575 564 713 602 Matth.
759 563 845 609 18¹,
884 563 1028 600 videtur
1066 562 1170 612 quod
1208 562 1280 599 hoc
1320 561 1456 599 sufficit
1489 561 1688 606 cristianis,
1723 567 1758 598 et
1773 565 1868 597 Matt.
1886 564 1975 598 xviii.

431 636 644 686 specialiter
684 635 946 673 sacerdotibus
986 633 1171 682 religiosis
1215 632 1299 682 plus
1343 644 1364 669 a
1410 632 1581 669 civilibus
1627 632 1759 668 ritibus
1777 618 1825 650 ¹5·

430 707 632 755 elongatis.
673 705 789 743 Unde
819 704 1058 754 Augustinus
1088 704 1127 740 in
1159 703 1334 753 Regula:
1368 702 1565 753 Sz'frafer
1593 702 1759 739 emenda-
1772 705 1965 746 Angustiae,

430 778 564 813 cionem
578 777 692 828 firre
716 777 948 820 recusaverit,
971 775 1122 811 eciamsz'
1143 776 1216 823 ipse
1241 787 1311 811 non
1337 774 1555 820 abscessem,
1578 773 1618 809 de
1638 776 1759 809 vestra
1773 749 1955 831 {eegr-fige&

429 849 591 884 socz'esate
619 848 809 896 proicitur
842 859 884 883 ne
917 847 1127 895 conlagzbne
1152 845 1334 895 peslzsera
1360 845 1547 893 plurimos
1577 843 1723 892 inficiat
1734 839 1791 879 ²ss
1813 842 1841 877 7·

432 919 530 956 Item
566 930 654 967 sepe
689 917 875 966 contingit
906 916 1093 953 maiorem
1129 921 1277 964 partem
1309 914 1463 964 capituli
1496 912 1759 952 incarcerare⁸

430 988 662 1026 confratrem
682 993 840 1037 propter
856 986 1186 1024 inobedienciam‘¹
1208 998 1285 1035 qua
1301 985 1492 1023 meritorie
1508 984 1760 1022 contrariatur

430 1059 717 1097 monicionibus
747 1070 882 1096 eorum
914 1058 1074 1103 illicitis;
1106 1056 1173 1094 sed
1208 1057 1247 1094 in
1280 1056 1345 1093 tali
1380 1067 1483 1100 casu,
1515 1055 1610 1092 sicut
1645 1064 1816 1102 gravem

431 1129 529 1169 foret
545 1135 750 1179 peccatum
766 1129 1015 1173 incarcerare,
1031 1128 1082 1165 sic
1100 1134 1136 1165 et
1152 1127 1499 1165 incarceracionem
1517 1126 1759 1163 auctorisare.

431 1201 522 1248 Que
543 1201 656 1250 igitur
681 1200 888 1238 necessitas
909 1199 1115 1237 auctoritas
1135 1198 1192 1235 vel
1218 1197 1365 1246 regno⁵
1386 1197 1526 1234 utilitas
1546 1197 1759 1233 incarcera-

431 1272 584 1310 cionem
613 1271 835 1308 huiusmodi
864 1270 1107 1319 approbare?
1163 1269 1419 1317 Assumptum
1440 1275 1496 1305 est
1525 1273 1659 1304 notum
1689 1266 1761 1303 illis

432 1343 497 1392 qui
532 1341 758 1380 moverunt⁶
789 1340 1118 1378 incarceraciones
1152 1339 1293 1377 multas
1323 1338 1530 1388 procedere
1561 1338 1650 1387 quia
1677 1336 1762 1386 quis

432 1426 511 1452 non
535 1413 598 1451 wlt
624 1413 787 1451 tacendo
813 1412 974 1462 prodere
995 1412 1206 1456 veritatem,
1228 1411 1318 1460 quia
1345 1422 1425 1447 non
1448 1409 1526 1447 volt
1555 1408 1761 1458 privilegiis
1778 1416 1816 1448 15

432 1492 469 1523 et
499 1484 718 1533 irreligiosis
752 1494 911 1520 suorum
941 1482 1073 1519 ritibus
1104 1481 1328 1526 consentire,
1360 1480 1419 1518 vel
1449 1480 1538 1529 quia
1567 1480 1645 1517 volt
1674 1479 1761 1517 reli-

431 1555 575 1605 giosius
602 1554 828 1591 difformiter
857 1565 879 1590 a
908 1553 1085 1590 fratribus
1112 1552 1341 1590 conversari.
1399 1550 1617 1589 Periculum
1648 1550 1763 1599 igitur

433 1626 529 1663 foret
555 1625 756 1663 licenciare
783 1623 993 1673 capitulum
1022 1623 1070 1660 ad
1099 1623 1221 1660 taliter
1240 1622 1493 1671 puniendum.
1551 1621 1650 1658 Item
1671 1632 1761 1670 sepe

432 1696 617 1745 contingit
648 1695 755 1745 quod
787 1695 1054 1739 incarceratus,
1083 1694 1207 1731 eciam
1236 1705 1322 1730 reus
1349 1692 1528 1737 criminis,
1561 1704 1683 1741 usque
1713 1690 1762 1728 ad

432 1773 598 1804 mortem
636 1766 751 1803 nimis
789 1765 954 1814 graviter
990 1764 1180 1813 puniatur.
1239 1763 1316 1822 Sed
1354 1763 1481 1800 omnis
1520 1762 1604 1799 talis
1642 1761 1764 1798 incar·
1781 1769 1820 1791 20

436 1837 585 1875 ceracio
611 1843 667 1874 est
693 1836 834 1873 iniusta
860 1818 895 1872 e¹t
920 1835 1106 1884 penaliter
1131 1832 1149 1853 *
1172 1834 1306 1872 fratres
1330 1834 1482 1872 occisio.
1538 1832 1644 1882 Ergo
1672 1844 1762 1881 sepe
1777 1837 1936 1867 F01.168
1949 1844 1979 1866 a.

435 1906 644 1956 contingit⁷
664 1907 954 1952 incarcerantes,
975 1906 1069 1943 sicut
1093 1912 1130 1942 et
1150 1905 1203 1942 eis
1224 1904 1529 1950 consencientes,
1550 1903 1764 1952 irregulari-

435 1985 553 2016 tatem
573 1978 776 2022 incurrere,
800 1989 876 2026 qua
897 1975 1106 2013 infectum⁸
1127 1975 1333 2024 capitulum
1355 1975 1570 2012 necessario
1593 1974 1764 2011 inficeret

436 2049 624 2099 populum
644 2060 734 2086 cum
755 2059 834 2097 quo
854 2047 952 2083 vivit.
1011 2046 1241 2095 Perpetrans
1262 2045 1365 2083 enim
1385 2051 1464 2082 tarn
1494 2043 1763 2081 detestandum

435 2119 698 2164 homicidium,
720 2118 816 2155 sicut
847 2124 884 2154 et
912 2117 963 2154 illi
992 2117 1256 2161 consenciens,
1287 2116 1457 2153 inficeret
1486 2114 1649 2152 multum
1680 2125 1763 2163 gre·
1781 2128 1819 2159 ²5

435 2202 536 2240 gem.
594 2189 735 2226 Peccat
761 2188 877 2236 igitur
905 2193 984 2224 tam
1010 2187 1135 2224 stricte
1160 2186 1353 2235 obligatus
1381 2185 1430 2223 ad
1459 2184 1574 2223 Cristi
1603 2183 1765 2222 consilia

436 2260 501 2310 qui
538 2259 614 2297 hoc
651 2265 731 2297 tam
769 2257 1031 2307 periculosum
1071 2256 1217 2306 eligens
1263 2256 1416 2293 dimittit
1464 2256 1640 2293 semitam
1679 2254 1765 2304 plus

439 2342 626 2375 securam,
649 2335 686 2367 et
707 2334 832 2377 potest
853 2327 1076 2365 confirmari
1098 2340 1145 2364 ex
1169 2327 1270 2365 dicto
1290 2326 1496 2375 Augustini
1516 2326 1644 2373 posito
1664 2324 1766 2362 xxiii.
1781 2327 1909 2358 Decret.
1927 2333 1958 2356 C·

439 2413 476 2450 q.
496 2400 558 2437 iiii.
592 2400 694 2446 Quid
692 2400 822 2448 faciel
838 2399 976 2435 ecclesie
995 2398 1184 2434 medicina.
1242 2396 1340 2446 Sepe
1361 2397 1463 2434 enim
1485 2396 1558 2433 alia
1577 2395 1769 2433 medicina
1782 2368 1952 2452 {jacin}

441 2470 539 2508 foret
561 2469 578 2488 *
601 2469 839 2518 corrigendis
861 2468 1049 2506 salubrior
1068 2473 1106 2505 et
1126 2467 1310 2517 scripture
1331 2466 1578 2513 conformior,
1600 2478 1690 2503 curn
1711 2465 1767 2501 in·
1780 2458 1827 2490 47
1845 2457 1879 2486 d.

440 2546 680 2578 carcerantes
704 2538 905 2576 tenentur⁹
935 2539 974 2575 in
998 2550 1090 2576 casu
1115 2538 1362 2576 comunieare
1386 2548 1475 2574 cum
1497 2536 1767 2574 excomunica-

439 2612 585 2648 tissimo
614 2609 898 2661 quantumlibet
927 2609 1117 2646 indurato.
1176 2607 1269 2645 Non
1298 2614 1355 2645 est
1386 2608 1503 2656 igitur
1534 2619 1631 2656 opus
1666 2605 1768 2654 regis

440 2681 671 2720 auctorisare
692 2680 810 2717 talem
831 2679 1180 2716 incarceracionem
1201 2678 1277 2715 suis
1298 2677 1414 2726 legiis.

482 2750 493 2768 ¹
519 2750 639 2781 Matth.
658 2751 687 2788 8,
706 2757 741 2781 Α.
839 2748 850 2765 ²
873 2752 960 2779 cont.
986 2751 1066 2788 pest.
1093 2747 1177 2788 plur.
1195 2746 1251 2777 ins.
1270 2754 1304 2777 Α.
1392 2746 1404 2764 ³
1427 2745 1687 2777 incarceracione
1702 2749 1769 2786 pro

437 2803 648 2840 incarcerare,
665 2809 699 2832 Α.
802 2799 813 2817 ⁴
837 2799 1133 2837 inobaudienciam,
1152 2806 1182 2829 B.
1271 2797 1282 2815 ⁵
1306 2808 1387 2838 rogo
1404 2802 1468 2839 pro
1484 2808 1581 2838 regno
1599 2798 1636 2828 in
1654 2802 1746 2828 lexlu
1761 2808 1769 2835 ;

438 2864 539 2894 regno
566 2853 603 2883 in
638 2862 742 2892 marg.
769 2851 839 2882 alia
870 2861 983 2889 manu,
1010 2858 1038 2881 B.
1225 2850 1236 2868 ⁵
1260 2849 1405 2880 noverint
1435 2853 1499 2889 pro
1529 2853 1708 2886 moverunt,
1736 2856 1766 2880 B.

440 2904 450 2920 ⁷
475 2904 623 2944 contigit,
642 2912 673 2935 Α.
764 2901 775 2919 ⁸
800 2901 930 2940 infectu,
947 2905 976 2932 et
997 2901 1034 2931 in
1056 2910 1159 2940 marg.
1177 2908 1210 2930 Α.
1300 2901 1312 2918 ⁹
1335 2905 1443 2931 tenent
1460 2905 1523 2940 pro
1548 2904 1704 2937 tenentur,
1723 2908 1750 2930 Β.
