2018 3401
175 293 254 334 272
880 291 943 322 DE
977 290 1171 323 OFFICIO
1204 291 1360 323 REGIS.

453 397 569 435 morti
602 409 640 435 se
673 408 868 446 exponere
902 409 991 435 cum
1030 409 1148 435 nemo
1186 398 1282 434 iuste
1322 403 1481 446 gwerrat
1515 396 1596 433 sine
1635 395 1782 433 iusticia

453 481 568 506 cause
591 467 609 487 *
632 480 703 517 pro
724 466 823 518 qua¹
843 468 1013 506 moriens
1033 468 1127 506 foret
1153 469 1293 506 martir.
1349 468 1410 505 Ex
1440 468 1520 505 istis
1545 467 1782 506 convincitur
1796 479 1842 509 55
1859 487 1888 510 ρ,

452 539 558 590 quod
578 539 696 577 occisi
716 539 937 577 altrinsecus
963 540 1201 577 occumbunt
1230 539 1302 576 nisi
1331 539 1526 589 peniteant
1553 538 1782 576 detestando

453 611 635 648 martirio.
684 610 785 647 Item
806 610 1006 659 supposito
1027 610 1132 659 quod
1151 611 1329 659 princeps
1350 611 1541 648 exercitus
1562 609 1608 647 sit
1629 608 1782 646 aliunde

452 683 577 720 nunc²
593 682 673 719 sine
693 682 845 720 mortali
865 690 992 731 preter
1007 681 1081 720 hoc
1097 682 1203 732 quod
1219 682 1371 719 affectat
1388 688 1537 718 tantum
1553 680 1780 726 dominium,
1798 694 1816 726 5

173 765 442 831 ἷέῧῖιέἒὲᾞηὲἑςιὲο
454 760 546 791 tunc
578 765 667 791 cum
699 753 757 790 ius
789 753 1059 790 hereditarium
1091 766 1158 802 per
1189 765 1229 790 se
1260 765 1339 791 non
1366 752 1514 798 sufficit,
1544 757 1648 802 patet
1677 751 1784 801 quod

173 833 409 893 feeci'tss‘ssssssoffid
455 830 607 874 oportet
645 824 772 873 ipsum
810 823 951 861 habere
990 831 1166 861 sanctum
1214 824 1455 874 propositum
1502 823 1551 860 ad
1597 822 1785 872 populum

172 901 339 926 haschosen
353 899 410 938 hin}
456 902 713 945 conquestum
752 895 790 931 in
821 894 907 943 lege
947 894 1107 932 Domini
1146 895 1293 933 reccius
1341 895 1604 944 regulandum.
1684 893 1786 931 Cum

173 935 215 960 for
229 934 258 965 it,
271 935 326 960 and
340 943 370 959 so
385 942 441 959 §ins

173 967 392 1034 {Jssffegrlssssisssffysffl
405 975 440 992 ΞΠ
454 967 567 1016 igitur
597 966 689 1003 illud
720 978 818 1003 onus
850 966 1001 1015 ignorat
1033 972 1278 1015 conquestor,
1301 965 1448 1002 videtur
1469 965 1573 1014 quod
1594 964 1785 1013 ambiguis

454 1037 612 1087 exponit
634 1049 674 1075 se
695 1037 806 1074 stulte
826 1037 993 1086 periculo
1014 1043 1050 1074 et
1070 1037 1121 1074 sic
1142 1042 1288 1085 peccat.
1345 1035 1470 1073 Debet
1499 1035 1602 1073 enim
1628 1035 1784 1072 credere
1801 1047 1841 1070 10

455 1108 560 1159 quod
592 1108 763 1146 officium
795 1108 887 1145 illud
918 1120 997 1145 non
1031 1107 1127 1145 foret
1156 1107 1300 1145 licitum
1330 1107 1402 1144 nisi
1433 1106 1541 1144 Deus
1575 1107 1702 1155 ipsum
1737 1105 1786 1143 ad

454 1180 546 1217 illud
575 1180 741 1229 eligeret,
765 1179 871 1229 quod
901 1179 1064 1228 ignorat.
1135 1178 1235 1216 Item
1283 1179 1441 1228 quando
1470 1178 1672 1215 imminent
1710 1177 1788 1215 duo

456 1251 559 1288 bella
593 1263 759 1301 quorum
791 1257 999 1299 utrumque
1039 1250 1251 1287 debilitaret
1281 1250 1458 1288 virtutem
1497 1249 1546 1286 ad
1585 1249 1786 1297 reliquum,

179 1331 444 1363 Foreverywarrior
457 1322 599 1360 bellum
639 1322 768 1359 minus
806 1328 862 1359 est
902 1321 1059 1359 caucius
1106 1320 1432 1370 postponendum.
1509 1319 1585 1357 Sed
1633 1319 1786 1357 cuilibet

176 1365 443 1424 Ῐῗὲἷῖιῗέῐῗιῖἷ-ᾞΜΙ
457 1393 589 1431 viatori
609 1393 825 1442 gwerratim
846 1392 1150 1441 inseparabiliter
1171 1391 1414 1440 coniungitur
1434 1391 1577 1428 bellum
1594 1390 1784 1439 spirituale
1802 1399 1839 1431 15

176 1432 213 1458 im
235 1438 327 1457 ortant
342 1432 390 1457 tha

178 1441 344 1497 thgbfflffly·
393 1441 409 1458 n
456 1465 495 1502 in
517 1464 697 1511 animam,
719 1463 871 1513 gravius
892 1476 937 1501 ac
952 1463 1201 1512 periculosius
1222 1462 1281 1499 in⁸
1297 1462 1485 1499 infinitum
1506 1474 1622 1511 quam
1643 1461 1786 1498 bellum

458 1536 639 1585 corporis.
695 1535 817 1584 Igitur
848 1547 938 1572 cum
971 1534 1062 1571 illud
1093 1535 1303 1583 aggravat⁴
1329 1534 1435 1584 prius
1466 1533 1608 1571 bellum
1640 1533 1788 1570 videtur

456 1607 562 1656 quod
602 1612 756 1656 propter
794 1605 994 1643 vitandum
1041 1604 1255 1654 periculum
1303 1605 1428 1654 ipsum
1472 1605 1517 1641 sit
1556 1603 1787 1653 prudencius

456 1685 544 1727 post
575 1677 813 1727 ponendum.
872 1676 922 1713 Et
956 1676 1005 1713 ad
1038 1677 1151 1713 istum
1187 1688 1343 1713 sensum
1374 1682 1574 1725 exponunt
1608 1675 1786 1712 doctores

455 1749 548 1786 illud
569 1749 716 1786 dictum
737 1748 810 1786 Iob
832 1747 868 1784 xl
890 1746 1073 1784 Illemenlo
1093 1747 1178 1784 belli
1192 1751 1226 1784 el
1243 1759 1314 1783 non
1334 1747 1452 1783 addas
1471 1747 1664 1795 qm‘cquam
1686 1747 1785 1782 ultra
1799 1743 1865 1785 J0b
1881 1742 1934 1774 xli·
1949 1741 1978 1775 8-

180 1832 298 1866 Foreign
313 1832 424 1858 nations
457 1821 566 1869 loqui.
623 1819 723 1856 Item
744 1831 812 1868 per
833 1831 872 1856 se
902 1825 1038 1856 notum
1071 1817 1184 1856 debet
1217 1830 1300 1855 esse
1332 1817 1433 1854 fideli
1465 1829 1581 1867 quem
1611 1816 1788 1866 alloquor

177 1866 445 1926 iiiffffclfldorilffliieir
458 1890 565 1940 quod
585 1902 664 1927 non
683 1890 770 1928 licet
792 1890 845 1928 sic
866 1889 1043 1927 invadere
1069 1888 1301 1938 alienigenas
1321 1888 1391 1925 nisi
1413 1894 1570 1937 propter
1589 1887 1787 1925 caritatem

177 1942 388 2001 icssrgxrngggssssg
458 1961 678 1999 habendam
703 1960 752 1998 ad
782 1960 887 2010 ipsos
907 1960 964 1997 vel
996 1966 1036 1997 ut
1070 1966 1339 1997 convertantur
1359 1959 1417 1996 vel
1449 1966 1490 1996 ut
1518 1959 1646 1996 minus
1675 1958 1787 2008 puni-

176 2043 270 2069 Three
283 2042 376 2075 points
389 2042 421 2068 of
457 2040 580 2070 antur.
637 2032 713 2069 Sed
734 2032 917 2069 mirantur
945 2030 1076 2068 fideles
1105 2030 1153 2067 de
1182 2030 1427 2079 perversione
1457 2029 1601 2067 ordinis
1621 2029 1787 2066 caritatis

179 2078 367 2103 wonderment
382 2083 388 2101 :

180 2109 407 2170 {alsshydssenffl'
456 2104 495 2141 in
526 2104 659 2141 tribus.
717 2103 859 2149 Primo,
894 2114 1012 2151 quare
1047 2114 1127 2139 non
1159 2102 1285 2151 primo
1319 2107 1507 2149 temptant
1542 2112 1582 2137 se
1614 2100 1716 2149 ipsos
1748 2105 1785 2136 et
1801 2111 1840 2143 25

179 2178 263 2211 begin
277 2177 410 2203 athome·
456 2181 610 2224 gentem
644 2186 753 2211 suam
787 2173 976 2222 corripere
1006 2185 1094 2210 cum
1126 2172 1269 2210 inimici
1306 2171 1535 2209 crudeliores
1567 2170 1786 2207 hominibus
1800 2170 1848 2199 N·

459 2252 546 2282 sunt
575 2245 728 2293 ipsimet
747 2250 784 2281 et
804 2244 862 2281 sui
883 2243 1082 2281 domestici
1111 2255 1244 2281 eorum
1275 2242 1447 2280 dominio
1467 2247 1503 2278 et
1517 2241 1530 2259 ⁵
1551 2241 1784 2279 correccioni
1797 2247 1844 2276 55
1861 2245 1897 2276 d.

180 2341 202 2357 2.
214 2330 273 2356 Use
290 2330 399 2368 better·
459 2315 545 2364 plus
566 2316 654 2365 apti.
714 2314 904 2360 Secundo,
928 2326 1046 2363 quare
1066 2326 1144 2351 non
1165 2313 1377 2362 procedunt
1406 2319 1447 2349 ut
1467 2312 1533 2348 viri
1564 2312 1786 2361 ewangelici

180 2364 415 2424 ffnecigissprthffl
460 2385 728 2435 corripiendo⁶
748 2398 815 2423 eos
840 2385 969 2422 medio
998 2385 1155 2434 apciori.
1213 2383 1334 2434 (Nam
1363 2383 1534 2428 facsslius,
1556 2382 1786 2420 caritativius

458 2464 496 2494 et
528 2456 735 2494 allectivius
767 2456 863 2494 foret
893 2456 947 2493 eis
982 2456 1158 2492 iniuriam
1190 2461 1309 2492 totam
1342 2459 1379 2491 et
1412 2453 1696 2490 restitucionem
1726 2465 1782 2490 re·
1798 2466 1842 2498 30

459 2528 607 2564 mittere
639 2539 756 2576 quam
789 2526 1074 2564 restitucionern
1106 2532 1183 2563 tam
1208 2524 1387 2573 ambigue
1408 2536 1529 2573 usque
1551 2523 1599 2560 ad
1620 2528 1784 2560 mortem

459 2599 622 2647 exigere.
694 2598 794 2634 Illud
832 2609 923 2646 ergo
962 2596 1238 2646 augmentum⁷
1269 2594 1436 2632 caritatis
1475 2594 1641 2643 prevalet
1679 2593 1784 2631 omni

459 2668 662 2718 temporali
684 2668 855 2706 dominio
877 2668 982 2716 quod
1011 2673 1168 2717 propter
1196 2665 1443 2716 cupiditatem
1472 2671 1613 2702 temere
1642 2671 1783 2714 preter-

503 2783 514 2800 ¹
539 2793 600 2824 que
617 2787 680 2824 pro
704 2793 778 2823 qua,
795 2790 830 2814 A.
953 2780 965 2798 '⁴³
988 2780 1121 2813 aliunde
1143 2790 1238 2819 nunc,
1255 2779 1322 2810 ord.
1341 2780 1411 2810 inv.
1428 2786 1459 2809 Ἠ.
1575 2776 1588 2795 ³
1611 2777 1655 2814 in,
1672 2787 1732 2809 om.
1749 2786 1783 2808 A.

459 2835 471 2853 4
488 2839 686 2875 aggravatur
695 2840 760 2875 pro
775 2838 945 2875 aggravat,
962 2841 995 2864 A.
1085 2833 1096 2850 ⁵
1113 2833 1249 2863 domino
1258 2836 1321 2872 pro
1340 2831 1488 2861 dominio
1506 2835 1548 2869 et,
1566 2838 1598 2860 A.
1687 2827 1699 2845 ⁶
1714 2840 1784 2861 cor-

460 2887 597 2928 rigendo
614 2892 677 2927 pro
694 2885 908 2926 corripiendo,
927 2893 958 2916 Β.
1058 2883 1070 2901 ⁷
1094 2889 1326 2924 augumentum
1344 2888 1407 2923 pro
1424 2886 1643 2923 augmentum,
1661 2889 1695 2912 A.
