2018 3401
128 774 224 801 Christ
240 774 262 800 is
276 784 327 801 our

129 814 234 834 master
246 810 302 835 and

126 842 221 873 abbot,
235 843 328 868 whose

128 876 270 908 teaching,
285 885 316 901 as
330 876 358 902 S.

129 909 253 941 Cyprian
267 918 341 942 says,
354 919 395 936 we

127 949 201 968 must
215 943 296 969 alone

128 977 230 1003 follow.

125 1767 168 1793 To
181 1776 268 1800 argue
281 1768 351 1793 from

126 1801 174 1826 the
187 1810 298 1827 success
310 1801 337 1827 in

126 1835 214 1860 battle
227 1835 259 1860 of

124 1868 233 1900 princes
246 1868 309 1894 who
322 1868 394 1894 have

125 1902 223 1927 vowed
237 1902 348 1928 endow-

127 1941 217 1960 ments
230 1935 253 1961 is

127 1968 347 1996 Moharnmedan

125 2002 206 2034 logie.

127 2547 187 2573 Our
200 2546 272 2578 hope
287 2546 309 2571 is
322 2545 349 2572 in

128 2581 175 2605 the
189 2589 269 2606 name
282 2580 314 2606 of

126 2614 219 2646 Jesus.

834 313 897 345 DE
929 314 1123 348 OFFICIO
1155 314 1312 348 REGIS.

409 417 520 454 tinxit
550 416 746 455 caritatem
777 418 815 455 in
845 420 898 457 eis
928 427 968 457 ut
997 420 1052 458 eis
1081 421 1199 458 active
1235 419 1450 459 contrarius
1485 419 1553 458 sed
1584 418 1740 457 adauxit

409 489 590 527 continue
618 501 741 540 usque
764 490 812 528 ad
841 499 1016 529 mortem.
1074 491 1169 531 Ideo
1198 491 1420 542 postpositis
1449 491 1629 529 omnibus
1658 490 1741 528 aliis

409 566 544 609 gentes
573 560 812 610 singulariter
840 569 1028 611 ponerent
1057 574 1166 612 spem
1195 563 1234 599 in
1263 560 1356 612 illo.)
1413 561 1528 600 Unde
1550 562 1580 599 si
1601 560 1740 599 fuerint

410 630 512 668 mille
541 631 733 681 pedagogi
761 631 932 670 dicentes
956 632 1057 671 facto
1077 633 1221 682 scripto
1241 632 1299 671 vel
1319 645 1385 671 ore
1405 631 1512 682 quod
1531 638 1589 670 est
1618 631 1741 670 taliter

409 701 630 740 faciendum
661 714 740 740 non
772 703 1003 741 moveamini
1035 715 1108 741 nec
1139 704 1283 741 abeatis
1321 703 1396 741 fide
1435 703 1646 741 affeccione
1680 702 1771 741 vel5

408 785 523 822 opere
546 770 564 791 *
587 773 659 811 nisi
680 773 727 811 de
756 781 903 823 quanto
931 768 1131 812 docuerint
1151 774 1289 812 imitari
1315 774 1487 812 Cristum
1510 774 1740 823 magistrum
1753 775 1801 805 56
1819 774 1853 804 d-

407 844 598 893 optimum
618 850 655 882 et
676 844 856 882 abbatem
876 845 997 882 tocius
1017 844 1161 882 ordinis
1190 844 1368 882 cristiani.
1425 843 1476 882 Et
1496 844 1550 882 sic
1570 843 1740 893 intelligo
1754 845 1795 875 ¹1¹.

408 914 607 952 decretum
631 915 733 953 beati
759 914 940 965 Cypriani
966 915 1138 965 positum
1172 915 1221 953 di.
1252 915 1325 953 viii.
1398 913 1449 953 Si
1469 916 1580 961 solus,
1606 914 1739 964 inquit,
1755 915 1884 947 Decret.

411 984 562 1024 Crz'slus
584 986 788 1023 audiendus
812 990 873 1032 est,
895 999 967 1023 non
988 986 1152 1023 debemus
1171 986 1352 1023 attendere
1384 986 1476 1035 quid
1502 987 1640 1034 aliquis
1659 989 1742 1022 ante
1754 958 1897 1043 {31st

406 1070 471 1094 nos
491 1057 716 1106 faciendum
746 1058 950 1106 putaverit,
983 1058 1048 1094 sed
1075 1057 1177 1106 quid,
1209 1057 1278 1105 qui
1306 1060 1389 1093 ante
1418 1069 1483 1093 nos
1506 1068 1639 1094 omnes
1675 1060 1736 1103 est,
1756 1071 1795 1094 10

410 1127 570 1172 Crz‘slus,
587 1128 698 1176 prior
709 1128 863 1177 fecerit.
921 1126 1049 1176 lVeque
1074 1128 1168 1164 em'm
1194 1127 1354 1164 hominis
1373 1126 1662 1164 consueludz'nem
1685 1138 1739 1163 se-

406 1200 475 1247 qui
507 1202 652 1247 oportet,
689 1199 755 1236 sed
790 1198 867 1235 Dei
899 1199 1099 1244 veritatem,
1138 1210 1220 1235 cum
1254 1204 1323 1246 per
1351 1196 1396 1234 V
1389 1198 1527 1234 esaiam
1565 1198 1741 1246 loquatur
1753 1203 1864 1244 (Matt.
1881 1213 1932 1234 xv.

406 1270 574 1306 dominus
594 1269 736 1306 dicens¹
755 1283 763 1307 ε
796 1273 816 1289 “
833 1268 922 1307 Sine
941 1282 1056 1306 causa
1077 1268 1202 1306 colunt
1217 1280 1282 1314 me,
1303 1268 1480 1305 mandata
1499 1271 1534 1304 el
1550 1267 1740 1305 doctrinas
1752 1246 1893 1322 &xxix
1907 1298 1956 1330 13·

406 1341 593 1377 hominum
613 1337 805 1378 docentes.'’
874 1339 925 1378 Et
948 1340 1020 1378 ista
1047 1339 1242 1377 sentencia
1267 1345 1439 1376 moveret
1470 1337 1602 1376 fideles
1632 1343 1738 1387 post-

405 1411 540 1460 positis
560 1410 738 1448 humanis
768 1410 917 1461 legibus
949 1418 985 1448 et
1016 1410 1189 1449 censuris
1213 1409 1411 1447 intendere
1441 1408 1515 1457 legi
1542 1407 1616 1446 Dei
1645 1420 1735 1446 cum
1754 1419 1791 1452 15

405 1493 522 1520 nemo
550 1481 665 1519 debet
690 1481 959 1519 obedienciam
989 1482 1062 1519 nisi
1088 1481 1151 1519 illi.
1208 1479 1324 1518 Unde
1349 1485 1510 1529 peccant
1540 1478 1605 1528 qui
1631 1484 1741 1528 post-

404 1558 556 1602 ponunt
576 1551 703 1601 legem
723 1558 759 1590 et
779 1552 879 1590 facta
895 1552 1022 1598 Cristi‚
1041 1553 1249 1602 probantes
1265 1562 1426 1588 assensu
1442 1549 1558 1587 nimis
1585 1549 1740 1588 sinistro
1782 1563 1788 1568 ·

405 1623 512 1672 quod
544 1622 732 1661 debemus
763 1623 1003 1673 privilegiare
1041 1622 1207 1661 fovendo
1246 1621 1487 1659 facinorosos
1520 1620 1561 1657 in
1598 1620 1740 1658 nostris

404 1693 575 1731 ecclesiis
598 1694 688 1743 quia
712 1693 884 1732 infideles
910 1693 1103 1743 principes
1132 1693 1224 1730 false
1255 1698 1291 1730 et
1321 1691 1529 1741 irreligiose
1563 1690 1617 1730 sic
1639 1690 1738 1729 fece-

405 1771 492 1802 runt
507 1777 595 1802 cum
611 1764 737 1814 ydolis
749 1764 881 1814 templi
895 1765 964 1803 sui.
1020 1764 1096 1802 Alii
1111 1770 1237 1801 autem
1253 1768 1418 1811 arguunt
1433 1762 1538 1812 quod
1553 1762 1740 1800 debemus
1754 1770 1795 1794 20

406 1835 578 1874 conferre
599 1835 758 1873 ecclesie
779 1834 1040 1873 substanciam
1061 1841 1140 1872 tam
1160 1833 1345 1871 mobilem
1366 1844 1483 1882 quarn
1502 1831 1740 1877 inmobilem,

406 1918 454 1944 eo
474 1906 580 1955 quod
600 1905 793 1955 principes
813 1905 1081 1955 prevaluerunt
1101 1905 1139 1941 in
1159 1903 1267 1941 bellis
1288 1902 1445 1953 quando
1466 1902 1660 1951 copiosius
1687 1902 1740 1940 sic

406 1977 587 2015 fecerunt.
646 1975 708 2014 Sic
737 1976 841 2014 enim
868 1982 1034 2025 arguunt
1056 1974 1253 2012 Sarraceni
1274 1973 1379 2023 quod
1400 1972 1626 2010 Machomet
1649 1983 1739 2022 pro-

406 2048 522 2098 pheta
539 2059 674 2086 eorum
698 2047 787 2085 Iesu
815 2052 949 2085 nostro
976 2051 1034 2084 est
1065 2044 1305 2095 prestancior
1331 2055 1421 2082 cum
1443 2043 1492 2080 ad
1512 2043 1738 2080 oracionum

406 2130 563 2157 suarum
597 2118 827 2156 instanciam
854 2129 951 2167 gens
979 2128 1048 2154 sua
1078 2121 1229 2165 superat
1261 2114 1472 2152 cristianos.
1527 2113 1738 2151 Evidencia
1754 2128 1792 2160 25

405 2190 534 2238 itaque
557 2189 653 2227 foret
673 2188 780 2238 quod
801 2189 852 2226 ob
873 2187 1120 2225 dotacionem
1138 2185 1255 2223 talem
1275 2196 1407 2223 sumus
1427 2184 1590 2222 cariores
1605 2183 1692 2222 Deo
1709 2184 1739 2221 si

405 2259 544 2297 exinde
574 2270 800 2308 superamus
835 2257 964 2296 hostes
995 2257 1134 2303 anime,
1161 2256 1191 2293 si
1226 2255 1365 2293 exinde
1396 2254 1665 2292 habundamus
1699 2254 1739 2291 in

406 2342 502 2379 pace
534 2337 571 2368 et
600 2336 823 2380 paupertate
853 2328 1026 2375 ecclesie,
1056 2334 1093 2365 et
1120 2327 1283 2365 omnino
1315 2326 1345 2364 si
1373 2325 1512 2363 exinde
1542 2336 1739 2363 servamus

407 2400 566 2439 consilia
597 2400 725 2449 regule
762 2400 964 2437 Cristiane.
1022 2394 1143 2436 Aliter
1176 2398 1279 2435 enirn
1313 2403 1369 2434 est
1403 2396 1507 2434 scola
1526 2396 1618 2445 filia
1650 2408 1737 2433 san-

403 2471 564 2519 guisuga>
584 2482 658 2519 que
686 2469 901 2506 inordinate
928 2474 1140 2517 congregat
1168 2473 1205 2504 et
1229 2466 1376 2504 mandit
1402 2464 1585 2514 pabulum
1611 2465 1739 2513 gregis
1752 2479 1794 2510 30
1853 2512 1871 2519 ..

409 2540 601 2578 dominici.
659 2540 799 2577 Tercio
828 2551 919 2576 vero
949 2545 1105 2576 notatur
1134 2539 1172 2575 in
1201 2536 1410 2587 prophecia
1438 2534 1529 2572 Yes.
1560 2547 1608 2582 42
1642 2547 1738 2585 quo·
1751 2512 1932 2588 ss]¹1¹¹'4'
1969 2568 1972 2570 .
2004 2557 2005 2562 =

407 2611 526 2648 modo
548 2623 619 2648 nos
646 2616 781 2659 gentes
801 2610 840 2646 in
861 2609 1018 2647 nomine
1046 2609 1134 2646 Iesu
1155 2608 1366 2657 specialiter
1386 2617 1628 2656 speraremus
1648 2605 1737 2655 quia
1753 2600 1866 2683 {213¹st
1883 2598 1938 2630 xii·
1972 2632 1974 2642 a
1997 2639 2001 2642 ,

406 2688 564 2730 propter
584 2688 718 2730 gentes
739 2680 940 2718 salvandas
961 2679 1029 2716 fuit
1051 2679 1264 2729 specialiter
1286 2678 1504 2716 incarnatus
1524 2682 1566 2714 ut
1584 2676 1736 2725 spissim
1771 2678 1774 2681 '

406 2753 518 2790 docet
534 2752 731 2802 apostolus
747 2752 860 2789 Rom.
880 2762 938 2800 15.
996 2751 1045 2788 Et
1066 2757 1169 2800 patet
1189 2762 1235 2787 ex
1257 2748 1478 2787 auctoritate
1498 2749 1577 2785 ista.
1635 2747 1735 2785 Cum
1751 2755 1846 2788 Rom.
1862 2766 1911 2786 xv.
1924 2753 1970 2789 8,’
2001 2741 2007 2787 ἶ,

405 2823 508 2860 enim
548 2823 595 2860 sit
634 2822 776 2860 electus
814 2835 860 2860 ex
901 2821 1066 2859 millibus
1112 2820 1323 2858 secundum
1370 2819 1659 2863 humanitatem,
1699 2823 1734 2854 et
1771 2825 1788 2855 5

927 2913 935 2930 ¹
962 2913 1083 2952 dicens,
1101 2922 1159 2943 om.
1180 2920 1211 2943 Α.
