2018 3401
683 318 748 350 DE
781 317 975 351 OFFICIO
1008 317 1163 350 REGIS.
1781 319 1860 362 205

37 432 148 464 Tract.
165 432 218 464 De
254 430 337 462 turn
369 423 419 462 ad
449 424 724 462 multacionem
756 424 1038 473 peccuniariam
1070 424 1214 461 dictum
1244 430 1300 461 est
1329 429 1490 461 tractatu
1519 423 1579 461 De
1594 433 1826 460 orfimeslhave

38 476 190 508 Mandat.
254 495 446 533 mandatis
469 497 539 532 260
559 495 733 545 capitulo,
755 501 791 532 et
819 502 1004 544 quantum
1029 495 1077 532 ad
1104 495 1452 532 incarceracionem
1474 501 1579 544 patet
1592 472 1703 527 {Kffgsseen
1716 468 1783 492 ὼε·

254 567 361 616 quod
390 567 579 615 contingit
607 566 803 616 religiosos
833 566 955 603 eciam
985 566 1282 615 exproprietarie
1310 564 1502 603 viventes1
1532 565 1581 603 ad
1596 572 1810 605 Imprisonment
1822 574 1845 600 is

37 643 118 673 Fol.
133 644 197 674 161
211 652 242 675 a.
256 645 405 675 tantum
437 636 455 657 '¹‘
487 649 570 674 esse
601 637 824 674 secularitati
855 637 1013 675 affectos
1044 637 1147 686 quod
1178 637 1412 674 incarcerent
1442 649 1581 675 conso·
1594 606 1861 672 &Effigfflgffenoe

223 709 358 747 5cium
387 721 435 746 ex
465 708 538 745 hoc
568 708 673 757 quod
702 708 853 757 publice
880 709 1052 757 predicat
1072 708 1278 751 veritatem,
1301 721 1347 746 ex
1374 708 1449 745 hoc
1477 709 1583 758 quod
1595 674 1803 740 tglgig'ffssfflfff
1816 675 1847 701 Of

35 779 83 810 43
101 788 131 810 a·
254 787 474 817 constanter
500 779 654 828 corripit
676 778 694 798 '¹‘
716 779 822 828 ipsos
842 779 900 816 vel
927 779 1023 817 alios
1048 792 1069 816 a
1094 779 1178 827 lege
1205 779 1439 828 ewangelica
1466 779 1582 816 decli-

253 858 400 896 nantes,
421 851 478 888 vel
507 863 554 888 ex
583 851 657 888 hoc
678 850 782 900 quod
804 851 990 888 servando
1018 851 1187 900 regulam
1217 863 1326 887 suam
1354 850 1518 900 perfecte
1548 858 1584 888 et

253 922 378 959 stricte
405 922 453 959 ad
479 922 642 959 litteram
672 922 752 959 aliis
782 922 1037 960 confratribus
1067 922 1330 959 difformatur:
1362 922 1425 972 qui
1451 922 1481 959 si
1509 922 1584 959 sint

254 994 408 1031 onerosi
442 1006 489 1031 ex
519 993 605 1039 hoc,
641 1000 678 1031 et
715 993 936 1030 iniuriantes
974 1005 1092 1042 regno
1128 993 1234 1042 quod
1273 993 1459 1038 incolunt,
1495 994 1582 1042 quis

205 1071 243 1094 10
256 1065 401 1102 dubitat
430 1066 521 1114 quin
551 1064 653 1102 sint²
681 1065 913 1102 emendandi
943 1077 1011 1113 per
1041 1077 1172 1113 regem
1202 1071 1388 1114 tanquam
1419 1065 1583 1102 veritatis

253 1137 469 1186 proditores
488 1136 798 1186 periculosissimi
820 1143 856 1174 et
876 1137 928 1173 sic
950 1136 1085 1185 regni?
1145 1135 1230 1172 Rex
1252 1143 1381 1173 autem
1403 1136 1515 1174 debet
1536 1149 1582 1174 eo
1597 1143 1640 1170 To
1653 1144 1762 1177 neglect
1775 1149 1804 1171 to

1597 1179 1710 1210 remedy
1721 1179 1800 1205 these

254 1208 477 1257 diligencius
514 1208 564 1245 ad
602 1208 673 1245 ista
712 1208 906 1245 attendere
947 1219 1025 1257 quo
1065 1220 1112 1244 ex
1152 1207 1361 1245 omissione
1402 1208 1582 1245 emenda-
1595 1212 1849 1273 ffizgttsffisossggrllves

253 1279 375 1317 cionis
406 1291 597 1317 consensu
626 1279 824 1316 constituit
846 1291 886 1316 se
908 1291 929 1315 a
950 1278 1022 1315 deo
1044 1286 1079 1315 et
1102 1291 1221 1327 regno
1253 1279 1483 1328 culpabilem
1516 1291 1581 1316 ex·
1595 1284 1664 1304 sent·

35 1357 83 1385 Κ.
253 1353 409 1402 perticio
439 1351 572 1389 iniurie
599 1351 732 1388 aliene.
790 1350 874 1386 Nec
903 1350 1062 1386 dubium
1091 1350 1183 1399 quin
1210 1362 1454 1399 quecumque
1481 1363 1581 1399 pena
1597 1363 1711 1389 Forthe
1727 1364 1839 1397 Kingis

1594 1399 1746 1423 concerned
1761 1397 1788 1423 in
1802 1399 1838 1424 all

202 1423 459 1473 15infligenda
488 1423 717 1471 cuicumque
737 1422 837 1470 regis
863 1420 964 1469 legio
991 1420 1040 1457 ad
1068 1420 1368 1457 stabilimentum
1397 1422 1505 1470 regni
1532 1421 1580 1458 ad
1592 1431 1850 1491 guaris-timente?-

1614 1474 1637 1490 lC
1653 1474 1700 1497 Ing
1713 1474 1788 1491 Some
1821 1475 1839 1498 y

252 1495 519 1533 auctoritatem
545 1494 662 1543 ipsius
689 1493 787 1542 regis
814 1492 1012 1541 pertineat,
1034 1499 1075 1529 ut
1101 1492 1195 1529 alias
1215 1504 1335 1540 penas
1357 1492 1493 1541 infligit
1513 1505 1580 1542 per
1592 1498 1862 1559 telfeerlyizingtshffifhss

251 1567 396 1605 clerum
426 1577 537 1603 suum
567 1565 709 1614 legium
731 1564 795 1613 qui
823 1564 947 1600 forent
969 1563 1018 1600 ad
1039 1564 1329 1600 correccionem
1358 1541 1772 1602 huiusmodihisitis'tices·
1790 1544 1802 1558 ’ὃ
1845 1543 1855 1566 ⁵

252 1637 436 1686 apciores,
453 1642 490 1674 et
510 1636 602 1673 alias
617 1633 630 1654 3
650 1647 718 1684 per
738 1646 826 1672 suos
847 1634 1072 1671 iusticiarios
1093 1634 1148 1670 vel
1169 1634 1223 1671 eis
1244 1633 1415 1671 subditos
1436 1635 1484 1671 ad
1506 1634 1580 1673 hoc

254 1721 301 1745 ex
331 1708 438 1757 regni
468 1707 677 1756 prudencia
710 1706 911 1755 adaptatos
928 1717 937 1751 ;
978 1704 1083 1755 quod
1113 1705 1142 1741 si
1172 1691 1370 1754 negligant
1400 1718 1489 1742 cum
1521 1718 1579 1742 res

203 1791 241 1812 20
256 1780 354 1829 regis
373 1779 506 1827 agitur,
524 1779 582 1815 cui
604 1777 861 1827 principaliter
883 1777 988 1825 regni
1010 1776 1270 1825 gubernacula
1293 1783 1379 1813 sunt
1401 1777 1578 1823 comissa,

253 1857 356 1900 patet
385 1850 490 1899 quod
519 1849 633 1886 debet
664 1849 701 1884 in
732 1847 881 1885 defectu
906 1847 994 1884 cleri
1021 1847 1147 1897 ipsum
1175 1847 1366 1896 corrigere
1397 1855 1433 1885 et
1466 1860 1577 1885 suum

253 1921 444 1960 defectum
492 1933 560 1969 per
607 1920 701 1957 alios
747 1918 986 1968 exsupplere.
1058 1918 1401 1955 Remurmurantes
1448 1926 1576 1956 autem
1590 1928 1651 1954 The
1668 1928 1848 1962 King'gduty

1589 1963 1619 1988 of
1630 1963 1785 1994 correcting
1801 1963 1844 1989 his

252 1999 386 2030 contra
416 1992 527 2029 istam
563 1990 809 2036 sentenciam,
844 1995 882 2026 et
914 1989 1082 2027 novellas
1115 1989 1342 2026 tradiciones
1375 2002 1461 2027 suas
1493 1997 1578 2027 tan·
1593 1994 1845 2056 Reffiffifcffidcffifgy

252 2076 370 2113 quam
390 2063 641 2112 ewangelium
663 2061 882 2110 allegantes,
904 2067 1054 2109 oportet
1083 2060 1290 2098 certificare
1303 2058 1316 2079 ‘²
1336 2060 1522 2098 catholice
1543 2068 1579 2097 et
1592 2063 1849 2124 {ggirlpgttffidffled

200 2146 238 2178 25
253 2139 474 2173 constanter
502 2133 607 2182 quod
637 2144 771 2169 omnes
806 2144 886 2169 non
915 2131 1041 2168 valent
1070 2131 1142 2167 nisi
1172 2131 1218 2168 de
1248 2138 1393 2179 quanto
1422 2131 1579 2169 fundate
1853 2118 1858 2123 .

252 2205 389 2242 fuerint
415 2217 463 2241 ex
493 2204 689 2252 scriptura,
716 2203 754 2239 in
785 2214 860 2251 qua
890 2213 1086 2239 cumsnon
1116 2199 1187 2238 sit⁵
1218 2201 1488 2250 repugnancia,
1511 2202 1578 2239 sed

252 2275 445 2313 correccio
467 2275 555 2312 cleri
576 2286 643 2323 per
664 2285 783 2321 reges,
806 2273 933 2309 omnis
960 2285 1027 2309 sua
1056 2272 1214 2309 tradicio
1235 2272 1292 2308 isti
1313 2273 1501 2309 contraria
1522 2280 1579 2310 est

251 2353 293 2384 ut
312 2345 607 2394 contemptibilis
624 2343 851 2393 repellenda.
895 2342 1090 2380 Scrutetur
1105 2343 1217 2391 igitur
1233 2342 1434 2391 scripturas
1448 2343 1460 2363 ⁶
1481 2355 1577 2392 quo-

252 2417 370 2456 modo
391 2417 450 2454 lex
478 2416 591 2454 Cristi
612 2422 648 2453 et
669 2414 890 2464 apostolica,
913 2413 1003 2450 nulli
1024 2413 1182 2451 seculari
1204 2413 1375 2450 dominio
1396 2415 1576 2459 obnoxia,

198 2507 239 2537 30
252 2489 411 2539 precipit
428 2487 532 2538 quod
553 2487 683 2525 omnia
703 2486 743 2522 in
763 2485 1052 2522 edificacionem
1073 2484 1177 2523 fiant.
1218 2484 1386 2521 Videant
1407 2485 1577 2523 secundo

253 2560 453 2610 quomodo
473 2571 554 2596 non
574 2564 629 2595 est
650 2556 937 2602 edificatorium,
959 2556 1050 2604 quin
1076 2556 1210 2604 pocius
1237 2556 1275 2592 in
1303 2555 1550 2593 dominorum
1564 2557 1577 2576 ⁷

253 2631 481 2670 secularium
498 2629 721 2679 dampnum,
736 2627 838 2676 leges
858 2626 953 2664 tales
969 2626 1123 2663 dimissa
1140 2625 1222 2675 lege
1240 2624 1353 2663 Cristi
1371 2626 1574 2672 inducere;

253 2700 316 2740 et8
337 2701 536 2739 deficiente
557 2699 710 2737 racione
736 2705 887 2747 oportet
917 2696 1106 2734 seculares
1126 2697 1163 2732 in
1184 2696 1279 2733 facie
1300 2696 1370 2733 illis
1391 2696 1574 2733 resistere.

296 2811 306 2830 ¹
329 2811 500 2849 viventem,
520 2817 553 2840 Α.
657 2808 668 2825 ²
690 2808 765 2846 sint,
783 2818 843 2839 om.
862 2815 894 2838 Α.
1007 2805 1018 2823 ³
1042 2805 1134 2843 alios,
1155 2814 1188 2836 Λ.
1299 2805 1309 2822 ⁴
1334 2803 1522 2836 rectificare,
1541 2813 1574 2834 Α.

251 2865 263 2882 ⁵
287 2863 333 2902 fit,
351 2870 384 2894 Α.
515 2860 527 2877 ‘¹
551 2871 607 2902 per
629 2865 705 2891 ante
728 2860 913 2900 scripturas,
932 2858 1004 2889 ailcl.
1024 2867 1066 2895 Λ;
1099 2858 1135 2888 in
1160 2867 1262 2895 many.
1287 2857 1386 2887 Esdre
1410 2856 1462 2894 vii,
1487 2864 1518 2893 Α,
1542 2864 1571 2887 Β.

251 2914 262 2931 ⁷
285 2914 517 2951 dominiorum,
535 2921 567 2943 Α.
656 2913 667 2929 ⁸
690 2916 729 2950 et,
747 2921 806 2942 om.
828 2919 859 2941 Λ.
