2018 3401
665 320 728 351 DE
759 320 952 352 OFFICIO
985 320 1141 352 REGIS.
1770 328 1848 367 229

246 422 351 460 aliter
388 423 536 472 punivit
581 424 781 470 hereticos,
821 424 917 462 soret
961 424 1072 469 mitis,
1113 424 1170 462 vel
1212 425 1425 463 secundum
1468 426 1572 475 leges

245 493 405 531 ecclesie
427 494 642 543 suspensio,
659 494 856 543 deposicio
877 495 934 532 vel
955 495 1189 543 proscripcio
1210 494 1304 532 foret
1326 496 1571 534 conveniens.

27 567 156 599 Decret.
175 574 206 600 e.
244 562 358 601 Unde
393 577 453 610 24.
487 577 522 614 q.
554 564 602 601 iii.
633 565 695 601 ‘de
724 566 856 601 illicita
887 563 1251 610 excomunicacione,'
1287 566 1338 603 sic
1373 566 1566 603 scribitur:

26 617 130 642 xx1V.
145 611 185 651 Q.

26 653 71 685 iii.
88 664 114 685 c.
132 653 163 685 6.

19 1348 66 1379 47
83 1357 113 1379 c.

243 633 403 671 Sanctus
427 634 632 683 Gregorius
661 636 714 671 ad
739 634 938 672 Iohannem
966 637 1167 684 episcopum
1198 637 1328 673 iniuste
1355 638 1565 674 excomuni-
1578 644 1801 711 ἒὲοῗὲἓςέτέἰζξ-

1763 691 1766 693 ,
1789 690 1826 713 Op

209 717 227 749 5
242 709 379 741 cantem
427 706 524 741 inter
561 710 677 742 cetera
724 707 878 754 scripsit
921 707 1071 742 docens:
1123 709 1131 724 ‘
1148 705 1338 744 Cassatisl
1375 708 1490 756 prius
1537 712 1569 744 et
1579 713 1708 777 {255¹}
1712 713 1788 773 {221³

241 776 295 810 ad
325 776 501 812 nichilum
540 776 698 812 redactis
727 777 890 824 predicte
919 778 1091 813 sentencie
1119 780 1177 813 tue
1207 778 1356 813 decretis
1386 790 1436 815 ex
1474 778 1759 815 beatimunication-

241 845 359 891 Petri,
377 845 635 894 Apostolorum
647 847 846 895 principis,
868 848 1094 892 auctoritate,
1116 848 1338 884 decrevimus
1355 860 1404 895 30
1425 849 1568 885 dierum

239 917 365 964 spacio
397 917 438 952 de
467 929 578 953 sacra
609 918 818 953 comunione
842 918 1038 965 privatum
1066 918 1111 954 ab
1138 919 1375 966 omnipotenti
1396 919 1456 956 deo
1476 921 1576 956 tanti

240 999 409 1023 excessus
442 987 584 1023 veniam
621 999 702 1023 cum
737 1000 879 1024 summa
904 988 1110 1036 penitencia
1144 992 1177 1024 et
1204 989 1371 1025 lacrinu's
1399 1002 1569 1027 exorare.

190 1068 228 1090 10
245 1056 353 1102 Quod
386 1058 424 1093 si
456 1058 552 1094 lzanc
589 1059 805 1094 sentenciam
839 1063 1001 1094 nostram
1036 1063 1067 1094 te
1101 1060 1376 1107 cognoverimus
1409 1061 1569 1108 implesse

241 1129 442 1174 remissius,
464 1140 535 1165 non
562 1129 636 1164 iam
665 1133 806 1164 tantum
835 1129 1071 1174 rnzusticiam,
1099 1130 1163 1165 sea⁷
1186 1131 1452 1166 contumaciam
1466 1131 1566 1180 fra-

239 1200 422 1236 term'tatis
448 1203 504 1236 tue
529 1212 725 1248 cognoscas
755 1200 816 1235 deo
843 1200 991 1235 iuvante
1018 1200 1178 1235 severius
1195 1198 1449 1247 punienda7n‚’
1480 1202 1568 1249 quia

239 1281 338 1306 nemo
368 1274 585 1319 preponere,
624 1268 782 1306 scilicet²
821 1282 890 1306 non
929 1270 1162 1306 commonitus
1201 1271 1260 1307 vel
1293 1272 1479 1308 convictus
1515 1276 1570 1308 est

1379 1340 1397 1359 ῆς

239 1340 469 1377 iudicandus.
526 1341 576 1378 Et
609 1341 639 1377 si
674 1353 774 1389 papa
806 1340 1021 1389 prudenter,
1059 1347 1343 1388 perseveranter
1433 1348 1470 1378 et
1503 1342 1829 1410 in-{gtelssquffiefflge

184 1423 222 1456 15
241 1410 456 1448 differenter
478 1417 706 1448 scrutaretur
726 1410 817 1447 illud
840 1416 1042 1459 peccatum
1062 1411 1449 1448 excomunicancium
1476 1424 1561 1461 pre-
1577 1411 1777 1476 ssggffifgefflss

240 1481 454 1530 positorum
484 1481 523 1517 in
552 1481 703 1530 Anglia,
725 1480 782 1518 vel
811 1492 948 1517 omnes
972 1480 1030 1517 vel
1058 1481 1180 1518 maior
1207 1494 1295 1530 pars
1323 1482 1559 1519 ordinarium
1572 1480 1804 1544 ᾖζζζζζζὲἓὲζθῗ

236 1551 410 1589 iudicum
431 1552 525 1589 foret
552 1564 620 1600 per
639 1558 787 1588 tantum
815 1551 999 1600 temporis
1029 1557 1066 1588 et
1090 1552 1252 1600 amplius
1279 1553 1562 1602 suspendenda.
1576 1545 1794 1610 ὲζζζᾞῃὲζξῗῖο
1809 1547 1842 1573 be

238 1621 341 1659 Cum
370 1622 482 1670 igitur
515 1634 618 1670 papa
649 1627 686 1658 et
714 1622 876 1659 vicarius
906 1623 987 1659 eius
1021 1621 1059 1658 in
1084 1621 1156 1659 hac
1186 1629 1294 1671 parte
1323 1622 1495 1669 defuerit,
1525 1629 1561 1661 et
1576 1624 1776 1698 owingdgoth'e

1575 1678 1654 1703 great
1690 1679 1806 1704 lstance,

240 1699 395 1741 propter
426 1691 709 1740 longitudinem
741 1692 882 1729 itineris
915 1699 951 1729 et
984 1692 1130 1729 viarum
1160 1698 1197 1729 et
1230 1689 1449 1730 discrimina
1481 1706 1560 1731 non
1575 1704 1631 1742 this
1648 1705 1776 1747 pecomes
1794 1707 1840 1732 the

183 1782 223 1804 20
237 1763 326 1800 assit
355 1763 525 1801 efficacia
554 1761 816 1817 querulandi⁸‚
839 1762 887 1799 ad
915 1775 1048 1811 regem
1074 1763 1237 1812 pertinet
1268 1764 1432 1812 spoliare
1459 1771 1496 1801 et
1522 1765 1561 1801 in
1576 1738 1767 1772 ngs‘dmy'

234 1846 326 1871 casu
358 1834 599 1883 proscribere
634 1833 727 1871 tales
761 1833 964 1871 hereticos.
1032 1833 1096 1870 Ab
1128 1833 1200 1871 isto
1235 1834 1348 1883 igitur
1385 1835 1561 1883 originali

234 1910 272 1942 et
301 1905 566 1953 periculosiori
591 1911 753 1954 peccato
783 1905 923 1942 debent
945 1916 1062 1953 regna
1084 1905 1259 1954 incipere,
1280 1912 1316 1942 et
1343 1918 1421 1943 non
1443 1906 1562 1943 instar

233 1975 458 2012 carnificum
474 1981 741 2023 tyrrannorum
758 1975 950 2024 simplices
971 1982 1125 2024 propter
1145 1975 1291 2013 lucrum
1312 1976 1557 2014 sacerdotum
1572 1987 1823 2048 rnsgrisonmengis

1572 2030 1601 2046 se
1633 2031 1677 2047 om
1690 2031 1707 2048 a
1719 2031 1773 2055 goo

237 2044 331 2082 Baal
344 2045 486 2083 carceri
500 2046 733 2094 mancipare.
763 2044 870 2082 Licet
883 2052 1012 2082 autem
1028 2046 1240 2094 ymaginari
1254 2053 1383 2094 posset
1397 2058 1507 2083 casus
1520 2047 1559 2083 in
1572 2056 1694 2087 remedy.

179 2131 218 2162 25
235 2129 313 2166 quo
329 2115 424 2153 foret
444 2116 683 2153 meritorium
703 2115 823 2164 wlgus
844 2115 950 2152 aliter
963 2116 1219 2164 incorrigibile
1242 2116 1376 2164 punire
1393 2128 1557 2162 carcere,

233 2199 320 2224 raro
344 2193 474 2223 tamen
502 2186 560 2222 vel
588 2198 788 2235 nunquam
813 2186 951 2223 accidit
977 2186 1071 2234 quin
1101 2185 1204 2222 aliud
1231 2186 1558 2223 medicamentum

231 2256 326 2294 foret
347 2267 468 2304 regno
489 2255 636 2293 facilius
656 2263 693 2292 et
716 2255 764 2292 ad
784 2255 1028 2303 contagionis
1057 2255 1268 2292 remedium
1289 2255 1374 2304 plus
1394 2255 1557 2293 salubre.

230 2327 320 2372 Ista,
350 2327 518 2376 inquam,
548 2325 756 2363 herodiana
782 2325 1038 2363 incarceracio
1062 2325 1138 2362 sive
1163 2324 1339 2372 Cesarea,
1368 2332 1554 2374 quantum
1567 2337 1780 2398 {21¹¹h³⁵·¹{⁰‘²}¹⁰

1638 2381 1677 2397 ori
1694 2381 1711 2404 y
1724 2381 1739 2398 0

228 2397 389 2434 occurrit
427 2396 531 2443 mihi,
573 2408 653 2433 non
691 2396 806 2433 habet
849 2395 1196 2432 comendacionem
1234 2396 1467 2433 autenticam
1506 2409 1553 2434 ex
1568 2404 1721 2437 scripture.

174 2479 215 2511 30
229 2467 421 2516 scriptura.
480 2467 603 2504 Ideo4
628 2466 773 2503 videtur
802 2465 931 2502 multis
958 2464 1062 2513 quod
1087 2477 1152 2502 rex
1177 2466 1413 2503 auctorisans
1440 2466 1551 2504 istam
1565 2478 1719 2537 {htethng
1739 2512 1758 2537 ‘t
1791 2519 1800 2537 t

1584 2521 1601 2536 u
1637 2521 1745 2538 orlzesl
1772 2521 1787 2537 a

229 2548 371 2586 penam
409 2537 448 2573 in
487 2536 684 2585 religiosis,
725 2542 850 2584 preter
887 2535 961 2572 hoc
1000 2535 1105 2584 quod
1144 2535 1270 2572 sciunt
1308 2535 1467 2573 fundare
1505 2549 1551 2573 ex
1567 2544 1685 2604 {gglrisk
1699 2545 1783 2571 ofhis

230 2607 415 2655 scriptura
447 2606 502 2643 vel
536 2606 680 2651 ordine,
712 2605 907 2655 periculo5
941 2605 1067 2642 anime
1101 2605 1310 2654 irreligiose
1341 2613 1377 2643 et
1412 2612 1553 2643 temere

229 2688 270 2714 se
299 2677 468 2725 exponit.
526 2676 628 2714 Cum
654 2676 756 2714 enirn
781 2675 840 2712 lex
869 2674 982 2712 Cristi
1009 2687 1075 2723 per
1102 2687 1141 2712 se
1169 2675 1303 2712 sufficit
1330 2675 1378 2712 ad
1399 2688 1552 2725 correp·
1565 2679 1831 2740 ξὲζέξξχῗξοξέἷῐδῑ

273 2785 282 2802 ¹
309 2785 464 2823 Cessatis,
489 2793 523 2824 A,
549 2793 589 2823 133
624 2785 757 2816 cassatis
785 2795 825 2815 cx
852 2784 978 2815 Decrct.
1002 2794 1083 2815 corr.
1108 2784 1192 2815 Edd.
1326 2783 1338 2801 ²
1361 2783 1429 2822 sed,
1454 2792 1489 2822 Α,
1514 2792 1553 2820 B:

229 2837 353 2868 scilicet
369 2847 409 2867 cx
434 2837 561 2868 Decret.
578 2847 661 2867 corr.
679 2836 763 2867 Edd.
880 2837 891 2854 ³
914 2835 1113 2876 querelandi,
1131 2843 1159 2866 B.
1283 2834 1293 2852 ⁴
1319 2835 1386 2866 Hic
1403 2839 1492 2874 nota,
1516 2835 1553 2865 in

231 2898 334 2928 marg.
353 2896 386 2918 Α.
476 2888 487 2903 ·”
512 2887 562 2918 vel
579 2892 654 2918 ante
670 2887 814 2928 periculo
830 2887 901 2917 add.
919 2894 950 2917 Α.
