2018 3401
688 282 753 314 DE
786 281 981 315 OFFICIO
1015 281 1170 314 REGIS.
1812 287 1866 328 49

264 387 442 437 precipue
462 399 528 437 per
548 398 645 437 quos
666 387 712 424 sit
733 387 782 424 ad
803 387 897 424 alios
917 387 1087 425 secunda
1107 386 1247 424 noticia
1267 386 1447 424 derivata.
1477 385 1591 423 Unde

264 458 589 497 Deutronomium
616 458 752 495 dicitur
785 458 846 495 lex
879 458 1047 495 secunda
1076 465 1112 496 et
1137 457 1428 495 Deutrononius
1457 457 1592 495 dicitur
1606 468 1862 500 asDeuteronomy

1606 502 1706 527 shows.

262 530 357 567 liber
394 530 451 567 vel
490 529 631 567 noticia
664 529 834 567 secunda
871 528 965 578 legis
998 529 1083 575 Dei,
1124 529 1225 566 unde
1264 526 1436 566 noticia1.
1496 528 1591 565 Ideo

263 601 425 651 pertinet
458 600 612 649 regibus
645 599 786 637 habere
817 600 1141 637 Deutronomium
1170 599 1281 637 huius
1316 600 1420 648 legis.
1477 599 1592 637 Unde
1606 607 1646 632 As
1659 606 1714 632 this
1728 606 1780 632 law
1795 606 1817 631 is

1607 640 1743 666 sufficient
1758 641 1800 665 sor
1816 648 1872 672 any

235 672 356 721 5quia
397 671 459 709 lex
500 671 571 708 ista
608 677 664 708 est
702 683 771 720 per
809 683 849 708 se
888 671 1080 708 sufficiens
1119 670 1167 708 ad
1205 671 1419 720 regendum
1457 674 1872 734 quam·¹,}{,¹}{dssff;e¹g¹c⁶fi{„

265 754 431 792 cumque
456 755 536 779 rem
556 742 751 791 publicam
771 741 1007 791 includitque
1028 741 1268 779 difficultates
1293 742 1384 779 solis
1404 741 1594 791 theologis
1607 742 1640 767 0s
1653 741 1684 768 it·

263 821 481 859 reservatas,
503 820 540 850 et
559 813 724 862 populus
755 814 934 851 continue
961 813 1128 850 declinat
1157 814 1205 850 ab
1227 813 1280 850 eis
1309 820 1410 850 recta
1438 813 1591 859 noticia,

264 896 421 922 necesse
446 891 501 921 est
533 896 616 921 esse
648 884 826 922 doctores
856 884 921 933 qui
954 884 1076 933 ipsam
1107 885 1272 922 doceant
1304 891 1340 922 et
1376 884 1594 929 defendant,
1608 892 1831 953 ἆξῖὲῑῗξὲξὲἰΐ

265 955 479 1006 specialiter
512 968 601 993 cum
636 955 783 993 nedum
812 956 866 992 illi
894 956 959 1005 qui
988 955 1189 993 manifeste
1216 955 1307 994 foris
1338 963 1423 992 sunt
1447 962 1483 993 et
1508 955 1594 993 laici

213 1040 252 1063 10
266 1027 332 1065 sed
352 1034 388 1064 et
407 1027 481 1076 ipsi
502 1026 679 1064 doctores
700 1027 818 1064 nostri
840 1034 964 1064 errant
984 1027 1023 1064 in
1044 1027 1232 1076 precipuis
1248 1027 1412 1064 articulis
1434 1026 1533 1072 fidei,
1554 1033 1596 1064 ut

264 1105 368 1148 patet
403 1098 450 1135 de
483 1098 658 1135 Ecclesia
693 1097 895 1136 Catholica
921 1098 986 1135 ubi
1014 1099 1133 1136 nostri
1158 1099 1335 1136 doctores
1359 1097 1490 1136 dicunt
1515 1110 1595 1135 non
1609 1113 1670 1164 31ξέ
1685 1104 1732 1164 3378
1740 1103 1875 1164 εέζῑῐὲἕῃο

265 1176 353 1206 ante
377 1175 543 1206 mortem
571 1168 685 1206 Cristi
710 1168 824 1206 fuisse
851 1169 1067 1215 ecclesiam,
1095 1176 1131 1206 et
1158 1182 1226 1218 per
1254 1181 1496 1218 consequens
1525 1181 1596 1206 nec
1610 1172 1852 1231 ξζιίιςιῑτῖιθῗὲῗεηῑῖἓ

264 1240 506 1277 salomonem
528 1252 600 1277 nec
621 1239 737 1277 aliurn
758 1240 971 1289 sapientem
992 1239 1106 1277 fuisse
1134 1239 1379 1277 ecclesiasten
1400 1240 1457 1276 vel
1477 1238 1865 1299 ecele·},‘}{¹1²¹t¹h2ft{2ffffgr

1611 1306 1728 1332 Christ's
1750 1306 1875 1338 Baptism

1611 1349 1661 1365 nor
1672 1340 1726 1365 His
1741 1340 1807 1365 Last

214 1382 443 1427 15tolorum,
466 1389 531 1419 aut
558 1381 852 1420 confeccionem
882 1381 1084 1420 eukaristie
1112 1383 1151 1419 in
1182 1395 1280 1420 cena
1310 1382 1457 1420 domini
1484 1382 1597 1420 fuisse
1611 1374 1876 1433 {ssssg'ssfeffggsthe

1611 1441 1734 1467 Church.

265 1311 471 1357 siasticum,
492 1323 564 1349 nec
586 1311 931 1356 circumcisionem,
953 1311 1253 1360 baptisacionem
1273 1310 1385 1348 Cristi
1405 1311 1464 1348 vel
1484 1323 1597 1360 apos—

264 1453 523 1491 ecclesiastica
563 1460 816 1492 sacramenta.
901 1452 995 1491 Non
1033 1454 1136 1491 enirn
1180 1460 1254 1492 stat
1291 1454 1398 1504 quod
1437 1453 1512 1491 hoc
1551 1454 1597 1491 sit

263 1525 566 1562 ecclesiasticum
598 1525 669 1562 nisi
703 1525 751 1562 sit
784 1524 959 1571 ecclesia,
991 1531 1028 1562 et
1049 1524 1104 1575 (ut
1137 1537 1226 1575 sepe
1261 1524 1412 1576 repetii)
1445 1525 1597 1574 fingens

265 1596 592 1645 significacionem
614 1596 771 1634 ecclesie
793 1604 929 1634 contra
951 1603 1104 1634 sanctos
1124 1596 1301 1634 doctores
1317 1602 1354 1633 et
1370 1596 1595 1645 scripturam
1610 1608 1672 1668 tope
1685 1595 1825 1646 Wbffeffl

1644 1651 1665 1667 is
1678 1650 1792 1674 opinion

265 1666 361 1717 legis
399 1668 536 1705 veteris
571 1667 737 1705 dicendo
777 1667 883 1717 quod
921 1667 973 1704 illi
1012 1667 1233 1709 habuerunt,
1261 1667 1299 1704 in
1331 1667 1405 1704 fide
1440 1678 1596 1704 sensum
1611 1675 1869 1733 mightoverithrow

1610 1718 1695 1742 every
1709 1718 1773 1741 opu]
1787 1718 1830 1734 ΟΠ.

213 1758 252 1779 20
266 1751 482 1785 erroneum,
505 1739 694 1788 peridem
722 1746 847 1788 potest
873 1751 972 1789 eque
999 1739 1096 1777 licite
1123 1739 1269 1788 fingere
1301 1738 1408 1788 quod
1437 1750 1516 1775 non
1540 1744 1597 1775 est

266 1810 374 1848 Deus
400 1810 466 1847 sed
497 1808 637 1847 frater²
662 1816 728 1855 est,
759 1816 795 1847 et
826 1810 879 1847 sic
906 1810 1122 1847 doctrinam
1147 1810 1424 1858 cuiuscumque
1451 1809 1596 1847 articuli

47 1887 90 1916 D.
270 1881 358 1919 fidei
371 1881 384 1900 ³
404 1881 551 1918 variari.
610 1881 704 1919 Ideo
726 1893 882 1919 necesse
901 1888 958 1920 est
978 1893 1062 1918 esse
1082 1881 1257 1919 doctores
1275 1880 1399 1918 verbis
1419 1887 1454 1917 et
1474 1880 1595 1918 forme
1610 1892 1797 1952 ffiissiossssusste

268 1952 363 2001 legis
390 1951 537 1989 domini
564 1952 782 1997 innitentes,
804 1952 895 2001 quia
929 1952 1143 1990 secundum
1174 1952 1276 1989 illam
1310 1958 1464 2000 oportet
1495 1951 1598 2000 leges
1611 1959 1796 2020 ῗὲξίιὲῗξὲςψ

268 2023 460 2061 humanas
485 2029 521 2060 et
548 2023 680 2060 omnia
707 2022 806 2061 facta
831 2023 1000 2060 fidelium
1025 2023 1200 2073 regulari.
1257 2022 1370 2060 Unde
1400 2022 1598 2071 apostolus

47 2093 413 2143 Eph-iv-11‚Ephes.
446 2094 517 2130 iiii0
548 2106 709 2131 narrans
742 2094 1033 2143 quadruplicem
1061 2094 1224 2142 gradum
1250 2093 1445 2142 ycrarchie
1475 2092 1597 2130 eccle-

50 2148 99 2170 η’
272 2165 420 2202 siastice
451 2164 541 2201 dicit
568 2165 672 2214 quod
703 2164 850 2202 Cristus
877 2166 974 2201 dedz'l
1000 2165 1093 2201 alios
1117 2170 1286 2214 paslores
1314 2169 1348 2201 el
1370 2165 1527 2200 doctores
1550 2164 1603 2200 ad

267 2236 574 2272 consumacz'onem
622 2240 832 2272 sanclorum
873 2237 911 2272 in
949 2236 1213 2285 edificaczbnem
1260 2236 1424 2283 corporl's
1465 2233 1499 2271 C
1499 2235 1598 2271 rz'slz'.

267 2306 433 2356 Oportet
452 2306 555 2343 enim
579 2306 685 2354 quod
707 2313 881 2354 pastores
902 2306 1206 2355 inseparabiliter
1226 2306 1299 2343 sint
1320 2306 1508 2351 doctores,
1530 2305 1598 2342 sed

48 2392 90 2421 12
108 2401 138 2422 a,
269 2377 364 2426 legis
384 2377 508 2414 divine
529 2388 609 2413 non
630 2377 851 2414 tradicionis
874 2376 1054 2414 humane.
1078 2375 1096 2395 *

213 2471 255 2502 30
324 2447 505 2485 Secundo
527 2447 604 2484 dixi
626 2447 730 2497 quod
750 2448 915 2497 speciale
940 2448 1039 2496 regis
1061 2447 1232 2485 officium
1254 2454 1311 2485 est
1335 2460 1468 2496 regere
1490 2459 1599 2485 suam
1612 2495 1673 2521 The
1689 2451 1788 2524 mxx-,S
1805 2492 1876 2524 dmy

267 2519 478 2568 privatam*
495 2519 678 2556 familiam
694 2519 799 2556 Sicut
815 2519 917 2556 enim
934 2520 1031 2557 ordo
1048 2519 1214 2557 caritatis
1230 2519 1376 2556 orditur
1391 2532 1412 2556 a
1429 2531 1498 2556 suo
1511 2519 1597 2555 sub-
1610 2529 1725 2595 &3551
1739 2524 1822 2553 otkis

53 2607 66 2630 1
87 2599 172 2631 Tim.
187 2611 216 2631 v.
229 2601 259 2633 8,
272 2591 370 2628 iecto
379 2590 431 2628 sic
444 2590 586 2627 mediat
601 2590 637 2626 in
653 2589 728 2627 suis
742 2589 963 2627 domesticis
974 2589 1123 2626 dicente
1137 2589 1326 2638 apostolo,
1336 2589 1598 2638 Thymotl1.v0
1611 2605 1673 2630 The
1687 2604 1818 2638 teacffing
1831 2606 1864 2632 of

1665 2640 1676 2653 ³

271 2661 304 2700 S
304 2663 322 2698 ι’
333 2663 415 2710 quis
426 2665 542 2698 aulem
557 2674 719 2706 suorum,
733 2666 766 2698 el
779 2662 946 2698 maxime
961 2661 1243 2706 domesticorum,
1257 2673 1386 2697 curam
1401 2673 1471 2697 non
1483 2660 1596 2704 habel,
1612 2639 1664 2709 «ςῐὲ
1673 2641 1734 2716 {¹:ss
1743 2685 1858 2717 provide

1611 2723 1658 2743 not
1672 2718 1713 2743 sor
1726 2718 1769 2744 his
1782 2727 1844 2745 own

312 2809 321 2827 ¹
345 2820 407 2841 om.
430 2809 515 2841 unde
538 2809 671 2849 noticia,
697 2818 727 2842 B.
837 2810 849 2828 ²
872 2820 968 2851 super
985 2814 1049 2851 pro
1073 2808 1182 2848 frater,
1202 2817 1230 2839 κ.
1343 2809 1354 2824 ²³
1378 2819 1438 2840 om.
1458 2807 1543 2847 fidei,
1563 2816 1595 2840 Α.

268 2861 278 2878 ⁴
305 2867 511 2903 personatam
528 2866 591 2903 pro
607 2862 777 2904 privatam,
796 2870 828 2893 Λ.

947 2930 968 2954 Ε
