2018 3401
159 336 167 351 1

90 335 168 375 iob

82 457 144 483 The
156 457 234 489 King
247 457 349 483 should

81 492 204 517 demand
218 491 250 517 of
255 491 291 516 all

83 524 192 562 foreign
207 525 314 558 clergy,

81 564 210 590 entering

82 592 225 624 England,
235 601 271 617 an
282 592 348 618 oath

81 626 114 652 of
128 625 281 651 obedience

82 659 138 685 and
152 659 261 691 loyalty
274 665 303 686 to

82 693 127 719 his
140 693 296 725 authority.

83 802 158 827 Such
172 810 203 827 as
215 810 272 827 was

82 844 173 861 §worn
193 842 222 860 to
235 835 273 867 by

86 869 230 894 Arnoldus
245 870 280 894 de

82 902 230 933 Garnario,
246 903 293 928 the

83 936 215 962 collector
228 936 260 961 of

84 971 211 1003 Gregory
225 970 280 996 XI.

81 1727 156 1753 Such
167 1737 203 1753 an
216 1728 282 1753 oath

82 1761 175 1787 would
189 1762 222 1787 be
236 1770 273 1787 no

82 1795 226 1827 hardship,
240 1795 316 1821 since

82 1828 103 1854 it
117 1828 140 1854 is
153 1838 243 1855 sworn
257 1835 286 1854 to

81 1862 120 1894 by
130 1871 180 1888 our
193 1872 255 1888 own

81 1896 282 1929 Archbishops‚

81 1941 137 1966 and
151 1940 240 1973 might
253 1941 323 1967 dim-

81 1973 155 2000 inish
169 1975 216 2000 the
230 1976 347 2001 number

82 2008 113 2033 of
123 2008 231 2041 foreign

82 2041 203 2069 traitors.

83 2087 183 2112 Hence
196 2096 237 2112 we
250 2095 314 2113 con-

81 2120 164 2145 clude
177 2121 238 2146 that

80 2163 165 2186 every
179 2154 252 2187 loyal
262 2154 346 2180 monk

82 2187 109 2213 in
123 2187 218 2220 things
237 2188 346 2213 neutral

81 2220 240 2254 pertaining
251 2227 279 2247 to
298 2222 346 2247 the

81 2261 264 2287 government
277 2255 309 2281 of

82 2289 129 2314 the
143 2288 279 2321 kingdom

81 2331 156 2348 owes
169 2328 279 2354 greater

81 2355 234 2381 obedience
249 2362 277 2381 to

82 2389 130 2414 the
146 2389 222 2421 King
236 2390 304 2415 than

81 2422 109 2448 in
122 2423 191 2448 such
206 2423 314 2449 neutral

81 2462 196 2482 matters
209 2462 237 2482 to
250 2456 293 2482 his

82 2490 190 2522 private
204 2490 284 2515 head.

82 2535 107 2559 A
120 2535 214 2560 fourth
228 2534 319 2566 objec-

81 2568 139 2593 tion
155 2568 177 2594 is
190 2568 274 2594 taken

80 2602 146 2627 thus
159 2610 164 2627 ε

80 2638 119 2665 (a)
140 2636 189 2660 We
203 2644 262 2661 owe

79 2675 191 2701 greater
204 2668 298 2695 obedi-

80 2711 148 2727 ence
162 2709 190 2728 to
204 2703 265 2727 that

80 2736 170 2761 which
185 2735 207 2761 is
221 2745 296 2762 more

80 2770 192 2801 perfect.

79 2802 115 2835 (b)
135 2803 195 2828 The
209 2803 325 2836 religion

781 343 845 375 DE
877 344 1071 376 OFFICIO
1105 344 1262 377 REGIS.

364 449 490 499 itaque
520 449 708 486 iniciative
738 461 901 498 regnum
921 449 1062 499 Anglie
1093 457 1219 488 utrum
1245 450 1342 489 soret
1367 462 1584 488 consonum
1614 449 1695 488 aliis

363 521 516 566 sanctis,
543 520 645 558 clero
673 532 742 557 suo
769 521 884 569 legio,
905 527 941 557 et
968 521 1038 558 sibi
1065 521 1155 559 utile
1186 521 1292 571 quod
1319 534 1384 559 rex
1412 533 1492 559 non
1523 521 1698 558 admittat

362 592 400 628 in
415 592 558 640 Anglia
574 591 814 629 sacerdotem
830 591 887 628 vel
904 591 1050 629 clerum
1067 604 1177 629 suum
1193 592 1502 630 elemosinarium
1518 592 1697 641 gallicum

360 663 418 700 vel
458 663 713 711 alienigenam
755 674 1011 712 quencumque
1051 663 1123 700 nisi
1152 663 1255 712 prius
1284 664 1441 713 prestito
1479 664 1697 701 iuramento

361 733 467 783 quod
488 733 557 771 erit
578 733 699 770 fidelis
720 733 798 783 regi
819 740 854 770 et
876 745 1020 771 corone
1048 746 1125 781 sue,
1148 746 1220 772 nec
1247 741 1383 772 contra
1403 734 1696 784 prosperitatem
1712 745 1729 776 5

362 805 461 854 regis
482 811 518 842 et
538 805 644 853 regni
666 817 755 842 cum
783 805 948 842 inimicis
975 805 1014 841 in
1038 804 1167 854 aliquo
1194 805 1440 854 conspirabit.
1499 805 1561 843 Sic
1592 806 1696 843 enirn

360 876 505 914 iuratus
542 884 598 914 est
637 876 833 913 Arnaldus
872 876 920 913 de
959 877 1145 925 gravario,
1184 876 1367 914 collector
1409 876 1587 926 Gregorii
1625 877 1695 923 XI,

360 948 576 986 iuramento
606 948 796 997 solempni
825 948 946 985 diviso
976 948 1016 984 in
1046 947 1179 984 decern
1213 948 1393 985 articulos
1409 962 1419 995 3
1451 954 1488 986 et
1517 955 1696 998 suspecto

361 1018 501 1056 clerico
534 1019 633 1068 legio
665 1019 764 1068 regis
798 1030 821 1055 a
854 1018 1046 1055 nativitate
1077 1017 1234 1055 deberet
1273 1019 1452 1068 compelli
1488 1019 1536 1056 ad
1576 1019 1697 1056 simile

359 1090 628 1137 iuramentum,
650 1090 883 1139 inventoque
906 1089 1093 1126 fidelitatis
1113 1089 1263 1126 defectu
1283 1090 1410 1138 puniri
1431 1089 1585 1127 deberet
1604 1090 1696 1139 legi·
1714 1109 1753 1130 10

359 1161 451 1198 time
472 1163 687 1211 utrobique.
745 1160 829 1198 Nec
850 1160 968 1198 credo
988 1160 1093 1209 quod
1113 1160 1333 1210 impugnari
1354 1167 1483 1210 posset
1504 1161 1551 1198 de
1568 1161 1652 1210 jure
1676 1159 1693 1179 *
1709 1168 1756 1196 24
1773 1176 1805 1197 a.

360 1239 541 1271 statutum
570 1233 683 1270 huius
712 1232 828 1278 modi,
859 1243 949 1269 cum
979 1231 1097 1269 alias¹
1126 1229 1296 1269 diceret²
1324 1238 1458 1269 contra
1487 1231 1613 1281 legem
1634 1232 1696 1269 dei

360 1304 467 1354 quod
496 1317 561 1341 rex
591 1304 638 1341 de
667 1303 898 1353 patrimonio
930 1314 1000 1340 suo
1029 1309 1066 1340 et
1093 1302 1139 1340 de
1169 1303 1281 1340 bonis
1308 1315 1524 1353 pauperum
1552 1303 1696 1340 collatis

361 1375 477 1413 cristo
512 1375 638 1412 foveat
670 1374 845 1412 inimicos
873 1374 944 1419 dei,
966 1374 1066 1422 regis
1093 1381 1130 1411 et
1156 1373 1275 1423 regni.
1352 1373 1471 1419 Quod
1502 1373 1532 1411 si
1563 1374 1695 1411 alieni-

361 1458 460 1495 gene
491 1446 659 1495 promoti
696 1446 734 1482 in
766 1445 908 1494 Anglia
934 1444 1111 1482 dixerunt
1140 1456 1182 1481 se
1217 1456 1378 1490 servare,
1413 1457 1501 1482 cum
1532 1457 1695 1493 regnum
1712 1456 1751 1488 15

359 1516 499 1566 Anglie
530 1529 621 1566 sepe
649 1516 850 1554 seductum
875 1516 941 1553 fuit
964 1528 986 1552 a
1013 1516 1163 1562 talibus,
1186 1515 1279 1565 quid
1307 1516 1460 1552 obesset
1486 1515 1539 1553 eis
1572 1516 1695 1553 iurare

360 1600 491 1626 coram
525 1588 684 1626 consilio
715 1587 816 1636 regis
849 1587 1097 1636 solempniter
1131 1587 1237 1636 quod
1280 1586 1498 1623 fidelitatem
1532 1587 1695 1636 legalem

360 1659 441 1708 regi
480 1666 518 1696 et
555 1671 678 1708 regno
716 1671 805 1696 curn
844 1658 925 1695 aliis
970 1658 1149 1695 clausulis
1188 1657 1374 1707 legalibus
1411 1658 1694 1696 observabunt?

365 1729 428 1768 Sic
449 1730 551 1767 enirn
573 1731 715 1767 iuratus
736 1736 792 1767 est
818 1729 1143 1779 Archiepiscopus
1169 1729 1419 1778 solempniter
1447 1729 1527 1778 regi
1551 1736 1696 1775 nostro,

361 1807 397 1838 et
417 1801 455 1838 in
477 1801 562 1850 ipso
582 1801 790 1838 virtualiter
811 1801 933 1838 clerus
955 1812 1057 1847 suus,
1080 1813 1199 1850 quare
1219 1800 1332 1849 igitur
1352 1812 1432 1837 non
1453 1800 1694 1849 alienigena?
1711 1811 1750 1834 20

362 1871 510 1909 Revera
531 1872 596 1921 qui
617 1884 697 1909 non
716 1872 795 1909 vult
816 1872 854 1908 in
875 1872 1031 1921 propria
1051 1884 1218 1921 persona
1242 1871 1381 1916 venire,
1409 1877 1446 1908 et
1473 1871 1688 1908 secundum

360 1941 470 1979 istam
491 1942 656 1980 formam
683 1942 950 1980 elemosinanti
977 1954 1048 1980 suo
1075 1942 1267 1979 humiliter
1291 1954 1330 1979 se
1358 1941 1488 1988 offere,
1510 1948 1568 1979 est
1587 1942 1695 1980 valde

358 2013 540 2062 indignus
560 2013 791 2051 elemosinas
812 2013 904 2050 tales
932 2013 979 2050 de
1006 2025 1095 2062 rege
1118 2018 1155 2050 et
1175 2024 1295 2061 regno
1316 2013 1496 2061 recipere.
1555 2012 1604 2049 Et
1625 2013 1696 2050 ista

360 2084 558 2122 ordinacio
592 2084 810 2122 excluderet
839 2084 1073 2133 alienigenas
1108 2084 1322 2133 proditores
1355 2089 1392 2120 et
1426 2083 1695 2132 multiplicaret

359 2155 559 2205 indigenas
587 2155 752 2194 cultores
781 2155 889 2193 utiles
918 2155 1025 2204 regni
1055 2155 1187 2193 nostri.
1245 2154 1384 2192 Omnis
1414 2154 1541 2204 itaque
1571 2154 1694 2191 claus-
1711 2163 1748 2195 25

359 2227 460 2264 tralis
480 2227 600 2276 legius
620 2227 720 2276 regis
740 2227 779 2263 in
799 2227 942 2264 neutris
968 2226 1017 2263 ad
1043 2226 1371 2276 gubernacionem
1397 2226 1506 2275 regni
1519 2226 1530 2245 ³
1552 2238 1694 2263 sonan-

358 2298 458 2335 tibus
479 2298 592 2335 debet
612 2298 699 2347 plus
719 2298 876 2335 obedire
897 2297 978 2347 regi
1005 2309 1075 2335 suo
1105 2309 1222 2347 quam
1243 2297 1282 2334 in
1302 2297 1440 2334 talibus
1461 2298 1603 2335 neutris
1623 2309 1694 2335 suo

359 2369 505 2419 privato
525 2369 731 2418 preposito.

418 2439 494 2477 Sed
533 2448 670 2490 quarto
707 2440 963 2490 principaliter
1011 2440 1203 2489 arguitur4
1241 2439 1477 2477 contradicta
1515 2452 1582 2488 per
1621 2439 1694 2478 hoc
1709 2448 1752 2482 Q.

361 2511 465 2560 quod
485 2511 715 2560 generaliter
735 2511 820 2560 plus
841 2511 1103 2549 obediendum
1133 2517 1189 2548 est
1217 2511 1302 2560 plus
1332 2510 1411 2547 utili
1431 2517 1468 2548 et
1501 2510 1692 2560 perfecto;
1710 2527 1751 2558 50

361 2582 429 2620 sed
457 2582 590 2631 religio
623 2582 846 2620 obediencie
876 2582 1080 2619 monachice
1108 2588 1164 2619 est
1183 2581 1392 2631 perfeccior
1412 2594 1528 2630 quarn
1561 2582 1693 2630 religio

359 2654 582 2691 obediencie
604 2653 763 2703 regalis3
794 2665 886 2702 ergo
913 2653 997 2702 plus
1021 2653 1281 2690 obediendum
1295 2652 1308 2672 ⁵
1327 2659 1384 2690 est
1410 2652 1552 2689 Abbati
1573 2665 1690 2702 quam

1704 2705 1831 2735 Decret.
1849 2705 1887 2736 C.

1704 2755 1781 2780 xix,
1799 2748 1839 2788 Q.
1858 2748 1891 2779 ii.

359 2796 517 2833 docetur
537 2795 643 2844 quod
664 2795 725 2832 lex
747 2795 892 2844 privata
913 2801 969 2832 est
989 2794 1074 2843 lege
1095 2794 1252 2832 comuni
1273 2795 1520 2843 prestancior.
1585 2793 1692 2831 Con·
1706 2802 1732 2822 c.
1750 2800 1776 2821 2-

360 2725 451 2773 regi.
528 2723 660 2761 Minor
694 2724 843 2761 videtur
882 2736 929 2760 ex
969 2724 1123 2761 decreto
1159 2735 1204 2771 19
1237 2736 1272 2772 q.
1309 2736 1342 2768 2,
1372 2722 1461 2760 Duo
1493 2727 1589 2769 sunt,
1625 2724 1689 2760 ubi

402 2889 411 2906 ¹
436 2888 529 2926 alim,
546 2899 605 2920 om.
626 2896 654 2920 B.
765 2887 777 2904 ²
799 2887 885 2924 dicit,
904 2895 932 2917 Β.
1039 2886 1051 2904 ³
1075 2886 1158 2928 regis
1173 2891 1237 2927 pro
1253 2887 1354 2928 regni,
1373 2895 1401 2918 Β.
1507 2886 1518 2904 ⁴
1541 2897 1599 2929 per
1614 2890 1689 2917 aule

359 2944 471 2972 contra
487 2940 560 2970 adil.
579 2949 612 2971 A.
742 2945 788 2971 est
807 2939 911 2975 obed„
929 2947 957 2970 13.
