2018 3401
688 293 754 324 DE
785 291 980 323 OFF1CIo
1014 291 1171 323 REGIS.
1791 290 1870 333 197

266 398 563 436 ministrandum
592 397 763 443 ecclesie,
784 396 889 447 quod
909 396 1012 434 aliud
1036 402 1092 434 est
1112 401 1397 433 sacramentum
1426 400 1463 431 et
1489 394 1591 431 aliud

266 476 324 507 est
370 469 635 507 ministerium.
720 467 805 505 Rex
853 475 981 505 autem
1036 479 1117 504 non
1163 466 1279 504 habet
1325 465 1591 503 auctoritatem

266 540 471 578 inmediate
503 552 616 589 super
647 545 939 585 sacramentum,
963 539 1060 576 sicut
1090 550 1160 575 nec
1185 536 1299 575 Cristi
1329 536 1502 581 vicarius,
1524 535 1591 572 sed

45 615 89 644 41
106 624 135 645 e.
267 609 284 630 *
308 623 422 661 super
443 611 652 648 sacerdotis
673 611 730 647 sui
750 610 1015 647 ministerium.
1062 609 1111 646 Et
1131 608 1180 646 ad
1200 609 1315 645 istum
1335 620 1492 645 sensum
1513 606 1590 644 dixi

231 683 438 731 5superius
471 682 576 731 quod
609 681 833 719 auctoritate
872 688 908 718 et
946 687 1127 730 precepto
1156 680 1257 729 regis
1290 679 1471 717 sacerdos
1509 678 1589 716 eius

260 754 447 790 ministrat
476 753 635 790 ecclesie
666 758 915 798 Sacramenta,
937 751 1043 801 quod
1072 751 1277 789 auctoritas
1305 757 1341 788 et
1364 756 1587 800 preceptum

260 824 361 873 regis
381 824 493 861 cadat
519 836 634 874 super
663 824 875 862 ministerio
905 824 1124 861 sacerdotis.
1182 822 1265 860 Nec
1286 822 1589 860 verecundamur
1602 830 1821 858 Priestsshould

259 895 384 932 vocari
415 895 631 933 sacerdotes
663 907 810 944 regum,
832 907 921 933 cum
951 907 1051 944 papa
1084 894 1132 933 sit
1164 906 1292 932 servus
1321 894 1495 930 omnium
1520 904 1586 930 sue
1600 865 1844 926 {352533323‘332

259 966 414 1014 papatui
451 966 723 1004 subiectorum.
780 965 1037 1003 Ministerium
1084 972 1210 1003 autem
1251 964 1469 1002 sacerdotis.
1510 963 1586 1000 sive
1601 932 1810 966 ngspnest.

207 1044 245 1067 10
258 1037 455 1086 corporale
471 1038 548 1075 sive
569 1037 771 1087 spirituale,
789 1044 845 1075 est
864 1037 1093 1082 modicum¹‚
1110 1048 1198 1074 cum
1215 1036 1316 1085 capit
1331 1035 1586 1072 maioritatem

258 1120 368 1145 suam
387 1121 455 1157 per
466 1108 734 1146 habitudinem
751 1109 799 1145 ad
817 1108 930 1146 Cristi
951 1108 1217 1146 assistenciam
1237 1106 1503 1145 consumantis
1515 1118 1524 1152 5
1546 1112 1587 1143 ut

256 1186 403 1217 tantum
423 1180 679 1218 ministerium
696 1187 827 1230 posset
846 1181 944 1218 laica
964 1178 1150 1230 persona2
1165 1179 1400 1228 impendere,
1421 1184 1585 1227 excepto

255 1251 362 1300 quod
382 1251 528 1290 Cristus
558 1252 733 1301 promisit
753 1252 831 1289 suis
852 1252 1113 1289 sacerdotibus
1143 1250 1380 1299 singulariter
1409 1249 1584 1286 assistere

253 1328 290 1359 et
317 1334 406 1359 cum
439 1322 494 1360 eis
523 1322 621 1360 ultra
650 1323 860 1360 humanam
880 1323 1056 1360 virtutem
1089 1322 1292 1360 conficere.
1351 1319 1584 1358 Modicum⁸

200 1398 238 1430 15
252 1392 378 1442 itaque
399 1398 456 1430 est
477 1393 582 1442 quod
603 1393 815 1431 sacerdotis
836 1393 1037 1431 servicium
1060 1393 1254 1430 subiaceat
1276 1391 1378 1440 regie
1400 1391 1582 1440 potestati

251 1475 338 1500 cum
359 1475 499 1512 corpus
520 1463 570 1500 illi
591 1465 795 1502 subiaceat.
852 1464 1129 1502 Verumtamen
1150 1463 1180 1500 si
1200 1475 1267 1499 rex
1295 1462 1453 1499 haberet
1473 1473 1521 1499 ex
1542 1474 1581 1499 se
1595 1468 1657 1494 The
1666 1468 1744 1502 King
1753 1469 1804 1496 has
1814 1475 1863 1497 not

1594 1501 1637 1528 his
1650 1503 1796 1536 authority

31 1534 235 1568 F01.159a.
249 1534 364 1571 talem
398 1532 415 1552 *
448 1535 712 1573 auctoritatem
751 1535 899 1584 imperii
936 1542 1027 1573 tunc
1064 1534 1161 1571 foret
1195 1533 1392 1583 potestatis
1424 1532 1580 1570 maioris
1594 1536 1862 1598 OGsohd'rffileilgssmas

249 1604 468 1654 simpliciter
498 1606 705 1644 sacerdote.
762 1605 877 1643 Nunc
908 1612 1035 1643 autem
1065 1618 1145 1642 non
1174 1604 1289 1641 habet
1319 1603 1422 1640 illam
1453 1610 1580 1652 potes-

249 1682 365 1713 tatem
405 1676 477 1713 nisi
515 1677 565 1713 ad
603 1684 755 1726 tempus
798 1684 912 1727 atque
956 1689 1022 1727 per
1061 1676 1253 1722 accidens,
1294 1681 1479 1724 tanquam
1519 1674 1581 1711 dei

196 1755 236 1777 20
248 1747 419 1784 vicarius.
478 1747 572 1786 Ideo
591 1747 665 1785 hoc
687 1756 970 1786 sacramentum
994 1748 1054 1785 dei
1083 1748 1270 1785 debemus
1293 1758 1381 1783 cum
1402 1744 1579 1783 modera-

247 1818 350 1855 mine
381 1818 555 1855 revelare.
617 1818 908 1856 Sacramentum
941 1825 1068 1856 autem
1104 1817 1351 1855 humanitatis
1387 1815 1501 1854 Cristi
1539 1815 1577 1852 in

246 1888 323 1925 suis
361 1888 543 1926 limitibus
581 1901 659 1938 quo
699 1890 748 1926 ad
780 1890 862 1927 eius
896 1889 1056 1927 vicarios
1094 1889 1281 1926 debemus
1324 1886 1575 1932 abscondere,

243 1960 335 2008 quia
364 1959 484 2007 aliter,
519 1960 649 1998 relicta
679 1960 890 1998 humilitate
925 1961 1008 1998 sui4
1036 1959 1255 2005 sacerdocii,
1286 1958 1493 2009 aspirando
1527 1958 1576 1995 ad

242 2036 472 2079 potestatem
493 2031 705 2068 secularem
726 2032 831 2069 fieret
853 2031 1078 2069 scandalum
1095 2031 1162 2069 toti
1178 2030 1337 2068 mundo.
1387 2030 1574 2069 Sacerdos
1587 2041 1650 2067 The
1663 2042 1748 2075 priest
1764 2044 1802 2077 by

1588 2075 1674 2101 God's
1686 2077 1831 2110 authority

189 2117 227 2148 25
241 2108 370 2138 autem
391 2108 517 2151 potest
537 2102 760 2139 auctoritate
782 2102 842 2139 dei
862 2103 941 2151 regi
962 2103 1157 2151 precipere
1178 2108 1219 2138 ut
1238 2101 1430 2150 compleat
1447 2101 1572 2150 legem
1586 2118 1655 2168 illi&
1663 2110 1712 2169 11)ἰὲ
1719 2111 1853 2177 ιὲιξῑξὶης

27 2190 39 2211 1
61 2181 211 2215 Timvi,
240 2184 361 2218 suam,
402 2184 491 2209 cum
529 2173 652 2221 prima
690 2173 848 2211 Thimo.
888 2173 921 2209 vi
960 2173 1120 2228 mandat
1158 2172 1356 2222 apostolus
1396 2172 1572 2209 de'vz‘lz'bus

25 2232 74 2267 ¹7·
238 2243 350 2278 huius
379 2243 496 2279 seculi
520 2243 714 2292 precipere
744 2256 815 2280 non
844 2244 994 2281 sublime
1021 2251 1156 2292 sapere.
1215 2243 1291 2281 Sed
1318 2242 1393 2280 hoc
1423 2243 1570 2281 solebat
1582 2257 1834 2319 112311tthisusesdto

1542 2315 1548 2321 ,
1601 2300 1641 2317 ea
1653 2298 1755 2318 matter
1779 2303 1810 2320 or

239 2313 387 2350 censeri
407 2313 548 2350 factum
569 2314 771 2351 communi
791 2315 1013 2352 auctoritate
1029 2314 1186 2352 ecclesie
1203 2326 1405 2364 quousque
1421 2326 1567 2364 proprl-
1581 2324 1825 2392 {zffffgnnaefflthe

238 2391 320 2421 etas
339 2384 378 2420 in
404 2384 505 2422 clero
535 2384 629 2422 fuit5
649 2385 840 2434 gentiliter
868 2385 1098 2423 introducta.
1156 2385 1240 2423 Nec
1270 2385 1478 2432 contendo,
1500 2385 1568 2423 sed
1579 2391 1848 2461 gshssisffcffifg‘y‘fn'y

183 2471 224 2502 30
238 2454 410 2492 concedo
444 2455 549 2504 quod
583 2455 703 2492 multa
736 2455 831 2493 fiunt
865 2457 1087 2494 auctoritate
1121 2456 1300 2506 episcopi.
1358 2455 1435 2494 Sed
1472 2457 1568 2495 deus

236 2526 305 2563 scit
331 2526 488 2575 quando
507 2526 590 2564 talis
610 2527 849 2576 proprietatis
877 2527 1113 2565 declamacio
1142 2528 1241 2577 sapit
1270 2527 1417 2565 falsum.
1474 2527 1566 2566 Non

236 2597 340 2634 enirn
380 2596 419 2633 fit
457 2597 668 2646 quidquam
715 2598 871 2647 propria
919 2598 1143 2636 auctoritate
1181 2599 1353 2649 episcopi
1392 2599 1462 2636 nisi
1502 2599 1566 2636 fiat

237 2667 393 2716 propria
416 2668 638 2706 auctoritate
660 2668 784 2715 Cristi‚
807 2669 871 2718 qui
895 2669 1123 2718 episcopum
1143 2669 1247 2707 illum
1267 2669 1417 2707 indurat
1437 2676 1473 2707 et
1493 2669 1565 2706 sibi

237 2739 455 2776 comunicet
486 2746 724 2789 potestatem.
781 2739 830 2776 Et
863 2740 915 2776 ita
935 2740 1082 2777 videtur
1110 2740 1216 2789 quod
1245 2740 1373 2778 multis
1399 2752 1479 2777 non
1500 2740 1564 2778 dat

282 2834 289 2852 ¹
313 2842 439 2867 motum
455 2841 518 2877 pro
534 2837 711 2874 modicum,
730 2846 764 2868 Α.
817 2836 829 2854 ²
852 2848 951 2879 parva
967 2842 1032 2878 pro
1046 2848 1194 2879 persona,
1210 2846 1244 2869 A.
1299 2838 1310 2856 ³
1333 2838 1509 2878 medicum,
1528 2847 1561 2870 Α.

235 2887 244 2904 ⁴
270 2888 388 2918 summi
407 2893 472 2929 pro
487 2889 548 2928 sui,
565 2897 598 2920 A.
688 2889 700 2906 ⁵
724 2890 784 2921 suit
800 2890 831 2920 in
850 2890 890 2921 cl.
907 2890 975 2921 ord.
994 2890 1062 2920 inv.
1083 2897 1110 2919 B.
