2018 3401
693 305 756 337 DE
789 306 983 339 OFFICro
1018 308 1174 340 REGIS.
1799 301 1874 344 281

273 404 415 444 habent
444 413 670 456 potestatem
698 421 720 447 a
750 409 875 448 Cristo
906 411 1001 449 sicut
1031 424 1103 449 nec
1133 411 1193 449 ille
1223 411 1351 450 habuit
1372 419 1600 462 potestatem

272 476 426 514 civiliter
447 479 656 526 regulandi‚
679 479 747 517 sed
766 487 958 530 temptans
978 481 1052 520 hoc
1073 482 1112 518 in
1133 483 1290 520 nomine
1312 482 1425 520 Cristi
1447 496 1525 521 non
1545 492 1601 522 est

273 546 356 584 eius
377 547 539 585 vicarius
560 549 627 586 sed
659 549 869 599 discipulus
890 552 1142 600 pseudocristi
1163 553 1298 591 fovens
1317 566 1496 602 gwerras,
1519 555 1601 592 lites

271 623 309 653 et
336 619 612 656 contenciones
639 620 761 658 tocius
782 621 951 659 ecclesie.
1010 622 1112 661 Ante
1133 623 1245 662 cuius
1265 625 1401 662 erroris
1432 625 1600 663 destruc-

240 693 257 724 5
273 688 426 726 cionem
447 689 666 739 inpossibile
687 698 743 729 est
769 692 971 731 ecclesiam
992 693 1104 732 Cristi
1130 694 1270 733 habere
1295 697 1456 734 omnino
1483 697 1600 734 intur-

271 758 361 796 bide
382 771 508 797 veram
529 773 678 810 pacem.
736 762 879 801 Tercio
900 776 989 802 vero
1009 765 1099 802 dicit
1120 766 1225 815 quod
1251 766 1347 804 sicut
1367 767 1601 817 sanguisuga
1614 777 1637 801 3·
1653 767 1883 797 Disefldfflvmen‘

1614 802 1646 829 os
1655 803 1702 828 the
1716 803 1836 830 Church.

54 826 150 857 Prov.
168 836 242 857 xxx.
272 828 360 866 dicit
377 829 575 879 dupliciter
587 832 693 882 affer,
707 833 812 883 affer,
829 835 1035 872 consulens
1055 835 1168 873 nimis
1188 837 1390 874 crudeliter
1411 838 1459 874 ad
1480 838 1602 876 auffe-

56 878 104 910 15‘
271 899 433 937 rendum
462 901 566 939 bona
604 908 739 940 nature
778 910 817 941 ut
856 905 972 942 suus¹
1004 905 1123 945 fastus
1154 913 1191 945 et
1224 908 1399 957 voluptas
1433 909 1603 957 corporis

271 969 454 1017 foveatur,
476 972 528 1009 sic
559 979 765 1023 utrumque
795 976 1012 1013 membrum
1031 976 1191 1015 ecclesie
1208 977 1322 1016 debet
1342 991 1420 1028 quo
1440 979 1488 1016 ad
1501 980 1604 1017 bona

219 1052 259 1076 10
273 1039 422 1078 fortune
451 1042 724 1081 medicinaliter
754 1046 1095 1094 proporcionaliter
1124 1054 1161 1085 et
1195 1048 1443 1086 effectualiter
1475 1050 1602 1087 dicere

273 1111 423 1149 “auffer
443 1111 581 1159 aufer,”
602 1114 806 1153 consulens
827 1115 875 1153 ad
887 1115 1095 1154 fovendum
1111 1119 1214 1155 bona
1229 1126 1362 1157 nature
1380 1120 1417 1156 in
1432 1121 1602 1158 moribus

273 1182 379 1231 quod
410 1184 636 1232 temporalia
666 1193 753 1223 sunt
782 1186 1053 1235 particulariter
1087 1188 1206 1226 instar
1234 1189 1360 1239 pluvie
1390 1190 1602 1228 distributa.

273 1251 323 1288 Et
351 1265 440 1290 cum
469 1254 518 1292 ad
548 1254 657 1293 istam
685 1258 921 1295 sentenciam
946 1264 1107 1296 monent
1139 1265 1218 1296 tam
1249 1260 1446 1297 incarnata
1465 1261 1602 1298 veritas

272 1335 390 1372 quam
412 1325 514 1362 racio
535 1326 716 1364 naturalis
736 1339 916 1377 rogemus
944 1329 1069 1378 ipsam
1097 1331 1291 1368 veritatem
1318 1332 1602 1380 omnipotenter

220 1412 257 1444 15
274 1394 467 1442 sapienter
507 1401 543 1434 et
582 1397 791 1435 clementer
828 1406 961 1438 contra
998 1401 1349 1450 pseudocristianos
1396 1402 1600 1440 defendere

271 1470 417 1512 partem
439 1477 559 1505 suam.
617 1468 775 1506 AMEN
810 1472 854 1516 ›1‹

599 1615 781 1664 FrNITUR,
812 1616 875 1656 DE
905 1616 1098 1657 OFFICIO²
1128 1618 1260 1657 Rssffls.

450 1817 461 1836 ¹
486 1819 592 1851 sumus
608 1825 671 1862 pro
688 1831 774 1861 suus,
793 1830 826 1854 Α.
960 1823 972 1840 ²
995 1825 1160 1857 Potestate
1175 1830 1240 1866 pro
1256 1825 1376 1866 officio,
1394 1835 1424 1858 Β.
