2018 3401
656 323 718 354 DE
751 321 943 354 OFFICIO
976 320 1131 352 REGIS.
1765 314 1844 359 275

22 437 121 469 Matt.
137 436 192 468 vii.
240 426 344 477 quod
371 427 479 464 multi
505 427 544 464 in
575 427 663 465 ficta
686 438 781 476 pace
815 425 1066 464 amaritudine
1097 423 1338 462 amarissima
1367 428 1567 460 transeunt

28 490 75 521 13.

241 510 308 547 per
327 510 425 535 eam.
484 497 585 536 Cum
614 497 718 535 enim
748 508 820 534 nos
849 495 1070 534 sacerdotes
1099 507 1232 533 sumus
1260 498 1566 543 representantes
1583 503 1633 527 we
1646 501 1746 534 priests
1759 501 1822 527 who

1580 535 1699 561 claimto
1709 545 1735 560 re
1757 540 1848 560 resent

242 574 386 607 statum
419 568 696 618 apostolorum,
731 568 826 605 sicut
859 566 1154 616 magnificamus
1191 577 1264 603 nos
1304 565 1343 601 in
1381 564 1452 601 hiis
1491 574 1565 611 que
1582 544 1849 628 ffigfffficfsgsssthem

244 644 484 677 concernunt
522 638 748 688 dignitatem
781 637 839 675 vel
877 637 1026 675 lucrum
1064 649 1178 686 supra
1216 634 1412 685 apostolos
1445 634 1567 671 eciam
1583 636 1609 661 in
1624 636 1695 661 their
1709 635 1757 661 toil
1771 635 1826 661 aud

1583 669 1725 695 sufferinr.

213 717 231 749 5
245 722 362 759 supra
380 709 560 755 Cristum‚
577 720 696 759 quare
716 720 796 745 non
815 720 863 745 ex
883 707 1023 745 eodem
1044 713 1143 745 statu
1163 706 1477 745 convinceremus
1497 715 1570 741 nos
1699 680 1716 701 b

245 780 388 818 debere
421 780 572 817 militari
611 777 854 828 spiritualiter
891 777 999 816 sicud
1037 777 1231 827 apostoli?
1287 777 1407 814 Aliter
1439 774 1572 813 enim¹

245 850 338 888 false
371 856 408 888 et
441 849 567 888 solum
600 849 818 899 parcialiter
855 849 1023 899 gerimus
1057 849 1161 885 illum
1195 853 1349 886 statum.
1408 846 1573 895 Oportet

247 921 350 958 enirn
370 921 401 958 si
421 920 589 969 gerimus
609 919 723 970 plena
742 931 848 957 arma
868 919 1080 969 apostolica
1109 918 1213 968 quod
1233 917 1346 968 plene
1367 927 1574 966 sequamur

249 1003 318 1029 eos
338 991 377 1028 in
396 991 568 1028 moribus
588 996 625 1028 et
646 990 859 1039 specialiter
878 990 918 1027 in
937 989 1202 1039 apostolorum
1218 987 1575 1037 ewangelisacione,

200 1061 290 1098 10in
327 1061 450 1098 crucis
481 1059 596 1098 Cristi
633 1072 724 1097 cum
771 1060 990 1097 martiribus
1023 1060 1174 1098 lacione
1209 1066 1246 1097 et
1280 1060 1318 1096 in
1353 1058 1455 1095 fideli
1487 1068 1576 1094 curn

253 1131 474 1170 doctoribus
522 1130 774 1168 confessione.
847 1130 924 1168 Sed
971 1130 1236 1180 apostolorum
1281 1127 1576 1177 ewangelizacio
1590 1134 1853 1198 fisstessss'gdhssfiehoiy

252 1214 363 1240 versa
402 1207 460 1239 est
497 1201 537 1238 in
568 1200 854 1239 Pseudochristi
888 1199 1169 1239 tradicionum2
1198 1198 1813 1250 promulgacionem,examp1es‚and

1591 1236 1676 1261 taken
1691 1241 1719 1259 to
1734 1243 1795 1259 our-

254 1272 453 1309 martirum
473 1271 637 1309 certacio
658 1283 765 1309 versa
785 1278 841 1309 est
860 1272 899 1309 in
919 1272 1004 1321 plus
1035 1271 1175 1309 dotatis
1204 1278 1241 1308 et
1269 1269 1529 1308 honorificatis
1558 1280 1580 1304 a
1594 1269 1683 1328 {3¹32
1696 1268 1830 1327 {ffiffims

257 1343 389 1381 seculo
410 1342 448 1379 in
463 1342 647 1380 maiorem
668 1342 791 1380 crucis
808 1342 920 1380 Cristi
937 1342 1243 1391 elongacionem‚
1260 1348 1296 1379 et
1311 1341 1582 1390 episcoporum

205 1421 242 1454 15
258 1412 448 1451 confessio
463 1424 571 1449 versa
587 1419 643 1450 est
657 1412 696 1449 in
712 1413 846 1450 mundi
862 1419 898 1450 et
914 1425 1071 1451 suorum
1088 1413 1229 1450 rituum
1240 1411 1581 1450 contestacionem.

257 1484 308 1521 Et
337 1484 391 1521 sic
421 1489 647 1533 agregatum
676 1495 723 1521 ex
752 1484 914 1521 scintilla
943 1483 1054 1522 huius
1084 1490 1203 1521 status
1232 1482 1390 1533 triplicis
1419 1487 1457 1519 et
1489 1493 1582 1519 con-

261 1553 460 1593 suetudine
495 1553 654 1591 seculari
685 1566 803 1604 quam
842 1554 1019 1592 addimus
1057 1560 1114 1592 est
1153 1560 1274 1592 status
1306 1553 1497 1603 pessimus
1536 1563 1583 1588 ex

260 1624 401 1663 labello
431 1624 679 1674 superaddito
709 1625 832 1674 magis
861 1625 1130 1674 dampnabilis,
1151 1625 1261 1662 etsie
1289 1630 1345 1661 est
1365 1623 1426 1660 vix
1447 1622 1585 1671 aliquis

263 1702 381 1733 status
412 1694 566 1732 alterius
596 1694 741 1732 brachii
773 1695 905 1733 matris
935 1703 1066 1733 nostre
1100 1696 1194 1746 quin
1222 1689 1339 1732 habet
1376 1694 1585 1731 commixta

210 1780 250 1802 20
262 1765 419 1804 brachia
447 1765 494 1802 de
523 1765 640 1803 armis
670 1765 822 1803 diaboli.
879 1765 974 1804 Ideo
1004 1778 1085 1804 non
1114 1773 1171 1804 est
1199 1765 1338 1802 mirum
1360 1765 1390 1802 si
1410 1764 1587 1801 membra

262 1836 406 1874 inimici
426 1835 591 1873 hominis
611 1836 777 1873 videndo
798 1848 906 1874 arma
925 1837 1040 1886 patris
1060 1837 1118 1874 sui
1139 1843 1218 1874 tam
1239 1836 1391 1886 spissim
1412 1835 1589 1884 exposita

263 1907 477 1945 excitantur
511 1905 561 1943 ad
599 1906 730 1955 prelia,
763 1906 955 1956 quorum³
990 1907 1191 1945 suscitacio
1224 1913 1282 1944 est
1319 1907 1390 1944 sibi
1419 1905 1588 1955 propria.

263 1977 446 2026 Arguitur
465 1977 568 2014 enim
588 1989 677 2015 cum
697 1977 846 2016 fallacio
862 1984 903 2014 ut
923 1977 1013 2027 quia
1034 1983 1153 2015 status
1173 1976 1260 2015 licet
1280 1977 1455 2015 modicus
1475 1988 1590 2026 quem
1605 1987 1679 2045 &a
1692 1983 1848 2043 serifsslggts

264 2046 407 2085 habent
428 2047 475 2085 de
496 2047 678 2097 apostolis
699 2055 755 2085 est
782 2054 881 2086 statu
910 2048 1069 2085 seculari
1097 2048 1320 2097 perfeccior‚
1343 2060 1437 2096 ergo
1466 2048 1591 2085 omnis
1606 2028 1860 2112 ξὲξῖεῇἰῖξῖἶζζιὲὲξ

213 2140 252 2172 25
267 2124 386 2156 status
425 2129 540 2167 quem
579 2117 722 2155 habent
761 2125 915 2167 superat
955 2119 1050 2156 sicut
1089 2130 1226 2156 aurum
1265 2125 1417 2167 superat
1455 2130 1496 2155 es
1535 2118 1865 2154 velclusionthatthey

1606 2162 1671 2185 may
1684 2152 1781 2178 attend

266 2187 482 2237 plumbum,
523 2194 561 2225 et
598 2199 646 2224 ex
686 2188 750 2225 illo
789 2188 1026 2233 concludunt
1065 2188 1171 2238 quod
1209 2194 1296 2226 sunt
1335 2188 1590 2237 impeccabiles
1603 2186 1747 2246 {2312520
1760 2184 1869 2210 “cul-²*

49 2268 356 2300 F01.180b.cum
385 2257 466 2295 aliis
492 2255 510 2275 *
546 2257 779 2295 blasfemiis¹
802 2256 820 2276 *
846 2258 1014 2295 infinitis.
1076 2259 1254 2308 Arguunt
1289 2264 1332 2295 20
1361 2258 1391 2296 si
1421 2258 1589 2307 prelacio

49 2314 98 2343 56
111 2314 146 2343 b.

51 2356 97 2391 Q.

268 2335 305 2366 et
339 2328 412 2366 alia
446 2327 572 2365 officia
605 2327 788 2365 secularia
826 2335 987 2377 possunt
1021 2329 1121 2366 bene
1160 2328 1251 2374 fieri,
1286 2335 1377 2366 tunc
1417 2329 1502 2367 licet
1541 2329 1595 2365 cis

269 2398 465 2448 potissime
485 2398 606 2436 rnodo
626 2403 663 2435 et
683 2398 864 2436 continue
885 2399 1031 2436 actibus
1052 2398 1122 2436 illis
1143 2399 1338 2437 intendere
1358 2400 1447 2449 quia
1467 2399 1505 2435 in
1527 2400 1596 2436 illis

216 2484 258 2515 30
272 2468 514 2518 dispensacio
534 2468 636 2505 cadit
666 2468 873 2517 potissime.
930 2467 1072 2506 Tercio
1092 2481 1183 2507 vero
1212 2470 1403 2519 arguunt⁵
1433 2470 1537 2519 quod
1568 2471 1596 2505 si

271 2539 356 2577 talis
376 2539 451 2576 vita
472 2539 518 2576 sit
538 2539 731 2576 meritoria
748 2539 785 2575 in
806 2539 911 2577 laicis
932 2550 1019 2576 cum
1036 2546 1185 2588 oportet
1201 2540 1306 2589 quod
1322 2540 1396 2577 vita
1411 2540 1595 2577 laicorum

272 2609 509 2658 exempletur
529 2609 568 2646 in
589 2609 659 2646 illis
680 2616 719 2646 ut
741 2609 908 2658 speculo,
932 2615 968 2646 et
989 2609 1155 2646 mundus
1175 2617 1232 2647 est
1252 2610 1372 2648 modo
1392 2611 1536 2659 positus
1558 2611 1596 2646 in

272 2679 455 2727 maligno,
477 2691 634 2717 necesse
664 2685 720 2717 est
748 2691 815 2717 eos
835 2678 883 2716 ad
903 2679 1190 2717 rectificandum
1221 2680 1384 2730 negocia
1414 2681 1596 2718 secularia

316 2797 325 2815 ¹
350 2799 448 2836 enim,
466 2808 527 2829 om.
545 2806 580 2829 Α.
742 2797 754 2814 ²
779 2798 878 2829 Cristi
902 2799 1241 2840 pseudotraditionum
1266 2805 1330 2841 pro
1354 2800 1594 2832 pseudochristi

272 2849 500 2880 traditionum.
604 2849 616 2867 ³
633 2859 698 2891 quo
707 2854 771 2891 pro
787 2861 935 2891 quorum,
953 2859 986 2882 Α.
1092 2851 1102 2867 ⁴
1118 2855 1192 2892 pos!
1208 2851 1386 2883 blasfemiis
1401 2852 1474 2884 mal.
1494 2853 1536 2888 in¹
1557 2861 1588 2883 Λ.

275 2899 285 2916 ⁵
309 2906 486 2941 arguuntur
503 2906 566 2942 pro
582 2907 731 2941 arguunt,
750 2909 782 2934 Α.

896 2969 962 2994 Τ2
